@article{SN-Dhr,
	doi = {10.1111/gcb.12734},
	url = {https://doi.org/10.1111%2Fgcb.12734},
	year = 2014,
	month = {oct},
	publisher = {Wiley-Blackwell},
	volume = {21},
	number = {1},
	pages = {250--264},
	author = {Torbern Tagesson and Rasmus Fensholt and Idrissa Guiro and Mads Olander Rasmussen and Silvia Huber and Cheikh Mbow and Monica Garcia and St{\'{e}}phanie Horion and Inge Sandholt and Bo Holm-Rasmussen and Frank M. G{\"o}ttsche and Marc-Etienne Ridler and Niklas Ol{\'{e}}n and J{\o}rgen Lundegard Olsen and Andrea Ehammer and Mathias Madsen and Folke S. Olesen and Jonas Ard√∂},
	title = {Ecosystem properties of semiarid savanna grassland in {W}est {A}frica and its relationship with environmental variability},
	journal = {Global Change Biology}
}
@article{AU-Whr,
	doi = {10.5194/bg-14-3027-2017},
	url = {https://doi.org/10.5194%2Fbg-14-3027-2017},
	year = 2017,
	month = {jun},
	publisher = {Copernicus {GmbH}},
	volume = {14},
	number = {12},
	pages = {3027--3050},
	author = {Ian D. McHugh and Jason Beringer and Shaun C. Cunningham and Patrick J. Baker and Timothy R. Cavagnaro and Ralph Mac Nally and Ross M. Thompson},
	title = {Interactions between nocturnal turbulent flux, storage and advection at an {\textquotedblleft}ideal{\textquotedblright} eucalypt woodland site},
	journal = {Biogeosciences}
}
@article{AU-RDF,
	doi = {10.5194/bg-2016-191},
	url = {https://doi.org/10.5194%2Fbg-2016-191},
	year = 2016,
	month = {may},
	publisher = {Copernicus {GmbH}},
	pages = {1--47},
	author = {M. Bristow and L. B. Hutley and J. Beringer and S. J. Livesley and A. C. Edwards and S. K. Arndt},
	title = {Quantifying the relative importance of greenhouse gas emissions from current and future savanna land use change across northern {A}ustralia},
	journal = {Biogeosciences Discussions}
}
@article{IT-Tor,
	doi = {10.1088/1748-9326/8/2/025008},
	url = {https://doi.org/10.1088%2F1748-9326%2F8%2F2%2F025008},
	year = 2013,
	month = {apr},
	publisher = {{IOP} Publishing},
	volume = {8},
	number = {2},
	pages = {025008},
	author = {M Galvagno and G Wohlfahrt and E Cremonese and M Rossini and R Colombo and G Filippa and T Julitta and G Manca and C Siniscalco and U Morra di Cella and M Migliavacca},
	title = {Phenology and carbon dioxide source/sink strength of a subalpine grassland in response to an exceptionally short snow season},
	journal = {Environmental Research Letters}
}
@incollection{US-Ton,
	doi = {10.1201/b10275-10},
	url = {https://doi.org/10.1201%2Fb10275-10},
	year = 2010,
	month = {nov},
	publisher = {{CRC} Press},
	pages = {135--151},
	author = {Dennis Baldocchi and Qi Chen and Xingyuan Chen and Siyan Ma and Gretchen Miller and Youngryel Ryu and Jingfeng Xiao and Rebecca Wenk and John Battles},
	title = {The Dynamics of Energy, Water, and Carbon Fluxes in a Blue Oak ({Q}uercus douglasii) Savanna in {C}alifornia},
	booktitle = {Ecosystem Function in {S}avannas}
}
@article{AU-How,
	doi = {10.1111/j.1365-2486.2007.01334.x},
	url = {https://doi.org/10.1111%2Fj.1365-2486.2007.01334.x},
	year = 2007,
	month = {may},
	publisher = {Wiley-Blackwell},
	volume = {13},
	number = {5},
	pages = {990--1004},
	author = {Jason Beringer And Lindsay B. Hutley And Nigel J. Tapper And Lucas A. Cernusak},
	title = {Savanna fires and their impact on net ecosystem productivity in {N}orth {A}ustralia},
	journal = {Global Change Biology}
}
@article{FI-Jok,
	doi = {10.1029/2004jd004715},
	url = {https://doi.org/10.1029%2F2004jd004715},
	year = 2004,
	publisher = {Wiley-Blackwell},
	volume = {109},
	number = {D18},
	author = {Annalea Lohila},
	title = {Annual {CO}2 exchange of a peat field growing spring barley or perennial forage grass},
	journal = {Journal of Geophysical Research}
}
@article{US-ORv,
	doi = {10.1002/2014jg002750},
	url = {https://doi.org/10.1002%2F2014jg002750},
	year = 2014,
	month = {nov},
	publisher = {Wiley-Blackwell},
	volume = {119},
	number = {11},
	pages = {2188--2208},
	author = {T. H. Morin and G. Bohrer and R. P. d. M. Frasson and L. Naor-Azreli and S. Mesi and K. C. Stefanik and K. V. R. Sch{\"a}fer},
	title = {Environmental drivers of methane fluxes from an urban temperate wetland park},
	journal = {Journal of Geophysical Research: Biogeosciences}
}
@article{CN-Cha,
	doi = {10.1016/j.agrformet.2006.02.003},
	url = {https://doi.org/10.1016%2Fj.agrformet.2006.02.003},
	year = 2006,
	month = {apr},
	publisher = {Elsevier {BV}},
	volume = {137},
	number = {3-4},
	pages = {138--149},
	author = {De-Xin Guan and Jia-Bing Wu and Xiao-Song Zhao and Shi-Jie Han and Gui-Rui Yu and Xiao-Min Sun and Chang-Jie Jin},
	title = {{CO}2 fluxes over an old, temperate mixed forest in northeastern {C}hina},
	journal = {Agricultural and Forest Meteorology}
}
@article{US-Me2,
	doi = {10.1111/j.1365-2486.2008.01682.x},
	url = {https://doi.org/10.1111%2Fj.1365-2486.2008.01682.x},
	year = 2008,
	month = {dec},
	publisher = {Wiley-Blackwell},
	volume = {14},
	number = {12},
	pages = {2848--2859},
	author = {J. Irvine and B. E. Law and J. G. Martin and D. Vickers},
	title = {Interannual variation in soil {CO}2 efflux and the response of root respiration to climate and canopy gas exchange in mature ponderosa pine},
	journal = {Global Change Biology}
}
@article{US-Me1,
	doi = {10.1111/j.1365-2486.2007.01368.x},
	url = {https://doi.org/10.1111%2Fj.1365-2486.2007.01368.x},
	year = 2007,
	month = {aug},
	publisher = {Wiley-Blackwell},
	volume = {13},
	number = {8},
	pages = {1748--1760},
	author = {J. Irvine and B. E. Law and K. A. Hibbard},
	title = {Postfire carbon pools and fluxes in semiarid ponderosa pine in Central {O}regon},
	journal = {Global Change Biology}
}
@article{ES-LgS,
	doi = {10.5194/bg-7-2601-2010},
	url = {https://doi.org/10.5194%2Fbg-7-2601-2010},
	year = 2010,
	month = {sep},
	publisher = {Copernicus {GmbH}},
	volume = {7},
	number = {9},
	pages = {2601--2611},
	author = {B. R. Reverter and E. P. S{\'{a}}nchez-Ca{\~{n}}ete and V. Resco and P. Serrano-Ortiz and C. Oyonarte and A. S. Kowalski},
	title = {Analyzing the major drivers of {NEE} in a {M}editerranean alpine shrubland},
	journal = {Biogeosciences}
}
@article{US-Me6,
	doi = {10.1016/j.agrformet.2012.05.015},
	url = {https://doi.org/10.1016%2Fj.agrformet.2012.05.015},
	year = 2012,
	month = {oct},
	publisher = {Elsevier {BV}},
	volume = {164},
	pages = {136--148},
	author = {Nadine K. Ruehr and Jonathan G. Martin and Beverly E. Law},
	title = {Effects of water availability on carbon and water exchange in a young ponderosa pine forest: {A}bove- and belowground responses},
	journal = {Agricultural and Forest Meteorology}
}
@article{DE-Kli,
	doi = {10.1016/j.agrformet.2010.03.008},
	url = {https://doi.org/10.1016%2Fj.agrformet.2010.03.008},
	year = 2010,
	month = {jul},
	publisher = {Elsevier {BV}},
	volume = {150},
	number = {7-8},
	pages = {1016--1025},
	author = {Anne-Katrin Prescher and Thomas Gr{\"u}nwald and Christian Bernhofer},
	title = {Land use regulates carbon budgets in eastern Germany: From {NEE} to {NBP}},
	journal = {Agricultural and Forest Meteorology}
}
@incollection{IT-Noe,
	doi = {10.1007/978-3-642-32424-6\_2},
	url = {https://doi.org/10.1007%2F978-3-642-32424-6\_2},
	year = 2014,
	month = {dec},
	publisher = {Springer Berlin Heidelberg},
	pages = {11--45},
	author = {Dario Papale and Mirco Migliavacca and Edoardo Cremonese and Alessandro Cescatti and Giorgio Alberti and Manuela Balzarolo and Luca Belelli Marchesini and Eleonora Canfora and Raffaele Casa and Pierpaolo Duce and Osvaldo Facini and Marta Galvagno and Lorenzo Genesio and Damiano Gianelle and Vincenzo Magliulo and Giorgio Matteucci and Leonardo Montagnani and Fabio Petrella and Andrea Pitacco and Guenther Seufert and Donatella Spano and Paolo Stefani and Francesco P. Vaccari and Riccardo Valentini},
	title = {Carbon, Water and Energy Fluxes of Terrestrial Ecosystems in {I}taly},
	booktitle = {The Greenhouse Gas Balance of Italy}
}
@article{CH-Fru,
	doi = {10.5194/bg-10-5931-2013},
	url = {https://doi.org/10.5194%2Fbg-10-5931-2013},
	year = 2013,
	month = {sep},
	publisher = {Copernicus {GmbH}},
	volume = {10},
	number = {9},
	pages = {5931--5945},
	author = {D. Imer and L. Merbold and W. Eugster and N. Buchmann},
	title = {Temporal and spatial variations of soil {CO}\textsubscript{2}, {CH}\textsubscript{4} and {N}\textsubscript{2}{O} fluxes at three differently managed grasslands},
	journal = {Biogeosciences}
}
@article{US-PFa,
	doi = {10.1016/j.agrformet.2014.10.017},
	url = {https://doi.org/10.1016%2Fj.agrformet.2014.10.017},
	year = 2015,
	month = {feb},
	publisher = {Elsevier {BV}},
	volume = {201},
	pages = {61--75},
	author = {Ankur R. Desai and Ke Xu and Hanqin Tian and Peter Weishampel and Jonathan Thom and Dan Baumann and Arlyn E. Andrews and Bruce D. Cook and Jennifer Y. King and Randall Kolka},
	title = {Landscape-level terrestrial methane flux observed from a very tall tower},
	journal = {Agricultural and Forest Meteorology}
}
@article{US-Syv,
	doi = {10.1016/j.agrformet.2004.09.005},
	url = {https://doi.org/10.1016%2Fj.agrformet.2004.09.005},
	year = 2005,
	month = {jan},
	publisher = {Elsevier {BV}},
	volume = {128},
	number = {1-2},
	pages = {33--55},
	author = {Ankur R. Desai and Paul V. Bolstad and Bruce D. Cook and Kenneth J. Davis and Eileen V. Carey},
	title = {Comparing net ecosystem exchange of carbon dioxide between an old-growth and mature forest in the upper {M}idwest, {USA}},
	journal = {Agricultural and Forest Meteorology}
}
@article{US-SRM,
	doi = {10.1029/2008jg000900},
	url = {https://doi.org/10.1029%2F2008jg000900},
	year = 2009,
	month = {nov},
	publisher = {Wiley-Blackwell},
	volume = {114},
	number = {G4},
	author = {Russell L. Scott and G. Darrel Jenerette and Daniel L. Potts and Travis E. Huxman},
	title = {Effects of seasonal drought on net carbon dioxide exchange from a woody-plant-encroached semiarid grassland},
	journal = {Journal of Geophysical Research}
}
@article{AU-Cum,
	doi = {10.5194/bg-13-5895-2016},
	url = {https://doi.org/10.5194%2Fbg-13-5895-2016},
	year = 2016,
	month = {oct},
	publisher = {Copernicus {GmbH}},
	volume = {13},
	number = {21},
	pages = {5895--5916},
	author = {Jason Beringer and Lindsay B. Hutley and Ian McHugh and Stefan K. Arndt and David Campbell and Helen A. Cleugh and James Cleverly and V{\'{\i}}ctor Resco de Dios and Derek Eamus and Bradley Evans and Cacilia Ewenz and Peter Grace and Anne Griebel and Vanessa Haverd and Nina Hinko-Najera and Alfredo Huete and Peter Isaac and Kasturi Kanniah and Ray Leuning and Michael J. Liddell and Craig Macfarlane and Wayne Meyer and Caitlin Moore and Elise Pendall and Alison Phillips and Rebecca L. Phillips and Suzanne M. Prober and Natalia Restrepo-Coupe and Susanna Rutledge and Ivan Schroder and Richard Silberstein and Patricia Southall and Mei Sun Yee and Nigel J. Tapper and Eva van Gorsel and Camilla Vote and Jeff Walker and Tim Wardlaw},
	title = {An introduction to the {A}ustralian and {N}ew {Z}ealand flux tower network {\textendash}
		{OzFlux}},
	journal = {Biogeosciences}
}
@article{FR-Gri,
	doi = {10.1007/s11104-011-0751-9},
	url = {https://doi.org/10.1007%2Fs11104-011-0751-9},
	year = 2011,
	month = {mar},
	publisher = {Springer Nature},
	volume = {343},
	number = {1-2},
	pages = {109--137},
	author = {Benjamin Loubet and Patricia Laville and Simon Lehuger and Eric Larmanou and Christophe Fl{\'{e}}chard and Nicolas Mascher and Sophie Genermont and Romain Roche and Rossana M. Ferrara and Patrick Stella and Erwan Personne and Brigitte Durand and C{\'{e}}line Decuq and Dominique Flura and Sylvie Masson and Olivier Fanucci and Jean-No{\"e}l Rampon and Jan Siemens and Reimo Kindler and Benoit Gabrielle and Marion Schrumpf and Pierre Cellier},
	title = {Carbon, nitrogen and Greenhouse gases budgets over a four years crop rotation in northern {F}rance},
	journal = {Plant and Soil}
}
@article{US-SRG,
	doi = {10.1002/2015jg003181},
	url = {https://doi.org/10.1002%2F2015jg003181},
	year = 2015,
	month = {dec},
	publisher = {Wiley-Blackwell},
	volume = {120},
	number = {12},
	pages = {2612--2624},
	author = {Russell L. Scott and Joel A. Biederman and Erik P. Hamerlynck and Greg A. Barron-Gafford},
	title = {The carbon balance pivot point of southwestern {U}.{S}. semiarid ecosystems: {I}nsights from the 21st century drought},
	journal = {Journal of Geophysical Research: Biogeosciences}
}
@article{IT-Ro2,
	doi = {10.1111/j.1365-2486.2005.01081.x},
	url = {https://doi.org/10.1111%2Fj.1365-2486.2005.01081.x},
	year = 2006,
	month = {jan},
	publisher = {Wiley-Blackwell},
	volume = {12},
	number = {1},
	pages = {110--121},
	author = {Vanessa Tedeschi and Ana Rey and Giovanni Manca and Riccardo Valentini and Paul G. Jarvis and Marco Borghetti},
	title = {Soil respiration in a {M}editerranean oak forest at different developmental stages after coppicing},
	journal = {Global Change Biology}
}
@article{AU-Fog,
	doi = {10.1016/j.agrformet.2013.06.008},
	url = {https://doi.org/10.1016%2Fj.agrformet.2013.06.008},
	year = 2013,
	month = {dec},
	publisher = {Elsevier {BV}},
	volume = {182-183},
	pages = {239--247},
	author = {Jason Beringer and Stephen J. Livesley and Jennifer Randle and Lindsay B. Hutley},
	title = {Carbon dioxide fluxes dominate the greenhouse gas exchanges of a seasonal wetland in the wet{\textendash}dry tropics of northern {A}ustralia},
	journal = {Agricultural and Forest Meteorology}
}
@article{CA-Qfo,
	doi = {10.1111/j.1365-2486.2006.01281.x},
	url = {https://doi.org/10.1111%2Fj.1365-2486.2006.01281.x},
	year = 2007,
	month = {jan},
	publisher = {Wiley-Blackwell},
	volume = {13},
	number = {1},
	pages = {89--107},
	author = {Onil Bergeron and Hank A. Margolis and T. Andrew Black and Carole Coursolle and Allison L. Dunn and Alan G. Barr and Steven C. Wofsy},
	title = {Comparison of carbon dioxide fluxes over three boreal black spruce forests in {C}anada},
	journal = {Global Change Biology}
}
@article{CA-SF1,
	doi = {10.1016/j.agrformet.2008.10.025},
	url = {https://doi.org/10.1016%2Fj.agrformet.2008.10.025},
	year = 2009,
	month = {may},
	publisher = {Elsevier {BV}},
	volume = {149},
	number = {5},
	pages = {783--794},
	author = {M.S. Mkhabela and B.D. Amiro and A.G. Barr and T.A. Black and I. Hawthorne and J. Kidston and J.H. McCaughey and A.L. Orchansky and Z. Nesic and A. Sass and A. Shashkov and T. Zha},
	title = {Comparison of carbon dynamics and water use efficiency following fire and harvesting in {C}anadian boreal forests},
	journal = {Agricultural and Forest Meteorology}
}
@article{CA-SF2,
	doi = {10.1016/j.agrformet.2008.10.025},
	url = {https://doi.org/10.1016%2Fj.agrformet.2008.10.025},
	year = 2009,
	month = {may},
	publisher = {Elsevier {BV}},
	volume = {149},
	number = {5},
	pages = {783--794},
	author = {M.S. Mkhabela and B.D. Amiro and A.G. Barr and T.A. Black and I. Hawthorne and J. Kidston and J.H. McCaughey and A.L. Orchansky and Z. Nesic and A. Sass and A. Shashkov and T. Zha},
	title = {Comparison of carbon dynamics and water use efficiency following fire and harvesting in {C}anadian boreal forests},
	journal = {Agricultural and Forest Meteorology}
}
@article{CA-SF3,
	doi = {10.1016/j.agrformet.2008.10.025},
	url = {https://doi.org/10.1016%2Fj.agrformet.2008.10.025},
	year = 2009,
	month = {may},
	publisher = {Elsevier {BV}},
	volume = {149},
	number = {5},
	pages = {783--794},
	author = {M.S. Mkhabela and B.D. Amiro and A.G. Barr and T.A. Black and I. Hawthorne and J. Kidston and J.H. McCaughey and A.L. Orchansky and Z. Nesic and A. Sass and A. Shashkov and T. Zha},
	title = {Comparison of carbon dynamics and water use efficiency following fire and harvesting in {C}anadian boreal forests},
	journal = {Agricultural and Forest Meteorology}
}
@article{IT-Col,
	doi = {10.1111/j.1365-2486.1996.tb00072.x},
	url = {https://doi.org/10.1111%2Fj.1365-2486.1996.tb00072.x},
	year = 1996,
	month = {jun},
	publisher = {Wiley-Blackwell},
	volume = {2},
	number = {3},
	pages = {199--207},
	author = {R. Valentini and P. Angelis and G. Matteucci and R. Monaco and S. Dore and G. E. Scarascia Mucnozza},
	title = {Seasonal net carbon dioxide exchange of a beech forest with the atmosphere},
	journal = {Global Change Biology}
}
@article{US-Wi9,
	doi = {10.1007/s10021-007-9018-y},
	url = {https://doi.org/10.1007%2Fs10021-007-9018-y},
	year = 2007,
	month = {jun},
	publisher = {Springer Nature},
	volume = {10},
	number = {2},
	pages = {187--203},
	author = {Asko Noormets and Jiquan Chen and Thomas R. Crow},
	title = {Age-Dependent Changes in Ecosystem Carbon Fluxes in Managed Forests in Northern {W}isconsin, {USA}},
	journal = {Ecosystems}
}
@article{DE-Geb,
	doi = {10.1111/j.1365-2486.2004.00863.x},
	url = {https://doi.org/10.1111%2Fj.1365-2486.2004.00863.x},
	year = 2004,
	month = {dec},
	publisher = {Wiley-Blackwell},
	volume = {10},
	number = {12},
	pages = {2005--2019},
	author = {P. M. Anthoni and A. Knohl and C. Rebmann and A. Freibauer and M. Mund and W. Ziegler and O. Kolle and E.-D. Schulze},
	title = {Forest and agricultural land-use-dependent {CO}2 exchange in {T}huringia, {G}ermany},
	journal = {Global Change Biology}
}
@article{CA-NS7,
	doi = {10.1111/j.1365-2486.2006.01251.x},
	url = {https://doi.org/10.1111%2Fj.1365-2486.2006.01251.x},
	year = 2006,
	month = {nov},
	publisher = {Wiley-Blackwell},
	volume = {12},
	number = {11},
	pages = {2146--2162},
	author = {Michael L. Goulden and Gregory C. Winston and Andrew M. S. McMillan and Marcy E. Litvak and Edward L. Read and Adrian V. Rocha and J. Rob Elliot},
	title = {An eddy covariance mesonet to measure the effect of forest age on land?atmosphere exchange},
	journal = {Global Change Biology}
}
@article{US-Blo,
	doi = {10.1016/s0168-1923(99)00168-9},
	url = {https://doi.org/10.1016%2Fs0168-1923%2899%2900168-9},
	year = 2000,
	month = {mar},
	publisher = {Elsevier {BV}},
	volume = {101},
	number = {2-3},
	pages = {113--129},
	author = {A.H. Goldstein and N.E. Hultman and J.M. Fracheboud and M.R. Bauer and J.A. Panek and M. Xu and Y. Qi and A.B. Guenther and W. Baugh},
	title = {Effects of climate variability on the carbon dioxide, water, and sensible heat fluxes above a ponderosa pine plantation in the {S}ierra {N}evada ({CA})},
	journal = {Agricultural and Forest Meteorology}
}
@article{US-Los,
	doi = {10.5194/bg-6-1115-2009},
	url = {https://doi.org/10.5194%2Fbg-6-1115-2009},
	year = 2009,
	month = {jun},
	publisher = {Copernicus {GmbH}},
	volume = {6},
	number = {6},
	pages = {1115--1126},
	author = {B. N. Sulman and A. R. Desai and B. D. Cook and N. Saliendra and D. S. Mackay},
	title = {Contrasting carbon dioxide fluxes between a drying shrub wetland in Northern {W}isconsin, {USA}, and nearby forests},
	journal = {Biogeosciences}
}
@article{FR-Fon,
	doi = {10.1111/nph.13771},
	url = {https://doi.org/10.1111%2Fnph.13771},
	year = 2015,
	month = {nov},
	publisher = {Wiley-Blackwell},
	volume = {210},
	number = {2},
	pages = {459--470},
	author = {Nicolas Delpierre and Daniel Berveiller and Elena Granda and Eric Dufr{\^{e}}ne},
	title = {Wood phenology, not carbon input, controls the interannual variability of wood growth in a temperate oak forest},
	journal = {New Phytologist}
}
@article{CA-Man,
	doi = {10.1111/j.1365-2486.2006.01221.x},
	url = {https://doi.org/10.1111%2Fj.1365-2486.2006.01221.x},
	year = 2007,
	month = {mar},
	publisher = {Wiley-Blackwell},
	volume = {13},
	number = {3},
	pages = {577--590},
	author = {Allison L. Dunn and Carol C. Barford and Steven C. Wofsy and Michael L. Goulden and Bruce C. Daube},
	title = {A long-term record of carbon exchange in a boreal black spruce forest: means, responses to interannual variability, and decadal trends},
	journal = {Global Change Biology}
}
@article{IT-CA1,
	doi = {10.5194/bg-13-95-2016},
	url = {https://doi.org/10.5194%2Fbg-13-95-2016},
	year = 2016,
	month = {jan},
	publisher = {Copernicus {GmbH}},
	volume = {13},
	number = {1},
	pages = {95--113},
	author = {S. Sabbatini and N. Arriga and T. Bertolini and S. Castaldi and T. Chiti and C. Consalvo and S. Njakou Djomo and B. Gioli and G. Matteucci and D. Papale},
	title = {Greenhouse gas balance of cropland conversion to bioenergy poplar short-rotation coppice},
	journal = {Biogeosciences}
}
@article{RU-Ha1,
	doi = {10.5194/bgd-4-165-2007},
	url = {https://doi.org/10.5194%2Fbgd-4-165-2007},
	year = 2007,
	month = {jan},
	publisher = {Copernicus {GmbH}},
	volume = {4},
	number = {1},
	pages = {165--208},
	author = {L. Belelli Marchesini and D. Papale and M. Reichstein and N. Vuichard and N. Tchebakova and R. Valentini},
	title = {Carbon balance assessment of a natural steppe of southern {S}iberia by multiple constraint approach},
	journal = {Biogeosciences Discussions}
}
@article{CA-NS5,
	doi = {10.1111/j.1365-2486.2006.01251.x},
	url = {https://doi.org/10.1111%2Fj.1365-2486.2006.01251.x},
	year = 2006,
	month = {nov},
	publisher = {Wiley-Blackwell},
	volume = {12},
	number = {11},
	pages = {2146--2162},
	author = {Michael L. Goulden and Gregory C. Winston and Andrew M. S. McMillan and Marcy E. Litvak and Edward L. Read and Adrian V. Rocha and J. Rob Elliot},
	title = {An eddy covariance mesonet to measure the effect of forest age on land?atmosphere exchange},
	journal = {Global Change Biology}
}
@article{AR-SLu,
	doi = {10.1504/ijep.2015.076583},
	url = {https://doi.org/10.1504%2Fijep.2015.076583},
	year = 2015,
	publisher = {Inderscience Publishers},
	volume = {58},
	number = {1/2},
	pages = {52},
	author = {Ana Graciela Ulke and Natalia Noem{\'{\i}} Gattinoni and Gabriela Posse},
	title = {Analysis and modelling of turbulent fluxes in two different ecosystems in {A}rgentina},
	journal = {International Journal of Environment and Pollution}
}
@article{US-UMd,
	doi = {10.1890/12-1554.1},
	url = {https://doi.org/10.1890%2F12-1554.1},
	year = 2013,
	month = {jul},
	publisher = {Wiley-Blackwell},
	volume = {23},
	number = {5},
	pages = {1202--1215},
	author = {Christopher M. Gough and Brady S. Hardiman and Lucas E. Nave and Gil Bohrer and Kyle D. Maurer and Christoph S. Vogel and Knute J. Nadelhoffer and Peter S. Curtis},
	title = {Sustained carbon uptake and storage following moderate disturbance in a {G}reat {L}akes forest},
	journal = {Ecological Applications}
}
@article{AU-DaP,
	doi = {10.1016/j.agrformet.2011.05.003},
	url = {https://doi.org/10.1016%2Fj.agrformet.2011.05.003},
	year = 2011,
	month = {nov},
	publisher = {Elsevier {BV}},
	volume = {151},
	number = {11},
	pages = {1409--1416},
	author = {Jason Beringer and Lindsay B. Hutley and Jorg M. Hacker and Bruno Neininger and Kyaw Tha Paw U},
	title = {Patterns and processes of carbon, water and energy cycles across northern {A}ustralian landscapes: From point to region},
	journal = {Agricultural and Forest Meteorology}
}
@article{AU-DaS,
	doi = {10.1016/j.agrformet.2011.03.002},
	url = {https://doi.org/10.1016%2Fj.agrformet.2011.03.002},
	year = 2011,
	month = {nov},
	publisher = {Elsevier {BV}},
	volume = {151},
	number = {11},
	pages = {1417--1428},
	author = {Lindsay B. Hutley and Jason Beringer and Peter R. Isaac and Jorg M. Hacker and Lucas A. Cernusak},
	title = {A sub-continental scale living laboratory: Spatial patterns of savanna vegetation over a rainfall gradient in northern {A}ustralia},
	journal = {Agricultural and Forest Meteorology}
}
@article{DK-NuF,
	doi = {10.1016/j.isprsjprs.2013.09.006},
	url = {https://doi.org/10.1016%2Fj.isprsjprs.2013.09.006},
	year = 2013,
	month = {dec},
	publisher = {Elsevier {BV}},
	volume = {86},
	pages = {89--99},
	author = {Andreas Westergaard-Nielsen and Magnus Lund and Birger Ulf Hansen and Mikkel Peter Tamstorf},
	title = {Camera derived vegetation greenness index as proxy for gross primary production in a low {A}rctic wetland area},
	journal = {{ISPRS} Journal of Photogrammetry and Remote Sensing}
}
@article{DE-SfN,
	doi = {10.5194/bg-11-3477-2014},
	url = {https://doi.org/10.5194%2Fbg-11-3477-2014},
	year = 2014,
	month = {jul},
	publisher = {Copernicus {GmbH}},
	volume = {11},
	number = {13},
	pages = {3477--3493},
	author = {J. Hommeltenberg and H. P. Schmid and M. Dr{\"o}sler and P. Werle},
	title = {Can a bog drained for forestry be a stronger carbon sink than a natural bog forest?},
	journal = {Biogeosciences}
}
@article{IT-CA3,
	doi = {10.5194/bg-13-95-2016},
	url = {https://doi.org/10.5194%2Fbg-13-95-2016},
	year = 2016,
	month = {jan},
	publisher = {Copernicus {GmbH}},
	volume = {13},
	number = {1},
	pages = {95--113},
	author = {S. Sabbatini and N. Arriga and T. Bertolini and S. Castaldi and T. Chiti and C. Consalvo and S. Njakou Djomo and B. Gioli and G. Matteucci and D. Papale},
	title = {Greenhouse gas balance of cropland conversion to bioenergy poplar short-rotation coppice},
	journal = {Biogeosciences}
}
@article{NO-Blv,
	doi = {10.5194/bg-11-6307-2014},
	url = {https://doi.org/10.5194%2Fbg-11-6307-2014},
	year = 2014,
	month = {nov},
	publisher = {Copernicus {GmbH}},
	volume = {11},
	number = {22},
	pages = {6307--6322},
	author = {J. L{\"u}ers and S. Westermann and K. Piel and J. Boike},
	title = {Annual {CO}\textsubscript{2} budget and seasonal {CO}\textsubscript{2} exchange signals at a high {A}rctic permafrost site on {S}pitsbergen, {S}valbard archipelago},
	journal = {Biogeosciences}
}
@article{CH-Dav,
	doi = {10.5194/bg-11-1627-2014},
	url = {https://doi.org/10.5194%2Fbg-11-1627-2014},
	year = 2014,
	month = {mar},
	publisher = {Copernicus {GmbH}},
	volume = {11},
	number = {6},
	pages = {1627--1635},
	author = {S. Zielis and S. Etzold and R. Zweifel and W. Eugster and M. Haeni and N. Buchmann},
	title = {{NEP} of a {S}wiss subalpine forest is significantly driven not only by current but also by previous year{\textquotesingle}s weather},
	journal = {Biogeosciences}
}
@article{US-Tw1,
	doi = {10.1002/2016jg003438},
	url = {https://doi.org/10.1002%2F2016jg003438},
	year = 2017,
	month = {jan},
	publisher = {Wiley-Blackwell},
	volume = {122},
	number = {1},
	pages = {145--167},
	author = {P. Y. Oikawa and G. D. Jenerette and S. H. Knox and C. Sturtevant and J. Verfaillie and I. Dronova and C. M. Poindexter and E. Eichelmann and D. D. Baldocchi},
	title = {Evaluation of a hierarchy of models reveals importance of substrate limitation for predicting carbon dioxide and methane exchange in restored wetlands},
	journal = {Journal of Geophysical Research: Biogeosciences}
}
@article{US-Tw2,
	doi = {10.1002/2015jg003247},
	url = {https://doi.org/10.1002%2F2015jg003247},
	year = 2016,
	month = {mar},
	publisher = {Wiley-Blackwell},
	volume = {121},
	number = {3},
	pages = {978--1001},
	author = {Sara Helen Knox and Jaclyn Hatala Matthes and Cove Sturtevant and Patricia Y. Oikawa and Joseph Verfaillie and Dennis Baldocchi},
	title = {Biophysical controls on interannual variability in ecosystem-scale {CO}2and {CH}4exchange in a {C}alifornia rice paddy},
	journal = {Journal of Geophysical Research: Biogeosciences}
}
@article{US-Tw3,
	doi = {10.1016/j.agrformet.2015.03.010},
	url = {https://doi.org/10.1016%2Fj.agrformet.2015.03.010},
	year = 2015,
	month = {jul},
	publisher = {Elsevier {BV}},
	volume = {207},
	pages = {117--126},
	author = {Dennis Baldocchi and Cove Sturtevant and Fluxnet Contributors},
	title = {Does day and night sampling reduce spurious correlation between canopy photosynthesis and ecosystem respiration?},
	journal = {Agricultural and Forest Meteorology}
}
@misc{US-Tw4,
	doi = {10.17190/AMF/1246151},
	url = {https://doi.org/10.17190/AMF/1246151},
	year = {2016},
	author = {Dennis Baldocchi},
	title = {{A}meri{F}lux {U}{S}-{T}w4 {T}witchell {E}ast {E}nd {W}etland from 2013-Present}}

@article{AU-Ade,
	doi = {10.1175/2011bams2948.1},
	url = {https://doi.org/10.1175%2F2011bams2948.1},
	year = 2011,
	month = {nov},
	publisher = {American Meteorological Society},
	volume = {92},
	number = {11},
	pages = {1467--1485},
	author = {Jason Beringer and Jorg Hacker and Lindsay B. Hutley and Ray Leuning and Stefan K. Arndt and Reza Amiri and Lutz Bannehr and Lucas A. Cernusak and Samantha Grover and Carol Hensley and Darren Hocking and Peter Isaac and Hizbullah Jamali and Kasturi Kanniah and Stephen Livesley and Bruno Neininger and Kyaw Tha Paw U and William Sea and Dennis Straten and Nigel Tapper and Richard Weinmann and Stephen Wood and Steve Zegelin},
	title = {{SPECIAL}{\textemdash}Savanna Patterns of Energy and Carbon Integrated across the Landscape},
	journal = {Bulletin of the American Meteorological Society}
}
@article{AU-Wac,
	doi = {10.1016/j.agrformet.2013.07.003},
	url = {https://doi.org/10.1016%2Fj.agrformet.2013.07.003},
	year = 2013,
	month = {dec},
	publisher = {Elsevier {BV}},
	volume = {182-183},
	pages = {215--224},
	author = {Musa Kilinc and Jason Beringer and Lindsay B. Hutley and Nigel J. Tapper and David A. McGuire},
	title = {Carbon and water exchange of the world{\textquotesingle}s tallest angiosperm forest},
	journal = {Agricultural and Forest Meteorology}
}
@article{RU-Cok,
	doi = {10.5194/bg-4-985-2007},
	url = {https://doi.org/10.5194%2Fbg-4-985-2007},
	year = 2007,
	month = {nov},
	publisher = {Copernicus {GmbH}},
	volume = {4},
	number = {6},
	pages = {985--1003},
	author = {M. K. van der Molen and J. van Huissteden and F. J. W. Parmentier and A. M. R. Petrescu and A. J. Dolman and T. C. Maximov and A. V. Kononov and S. V. Karsanaev and D. A. Suzdalov},
	title = {The growing season greenhouse gas balance of a continental tundra site in the {I}ndigirka lowlands, {NE} {S}iberia},
	journal = {Biogeosciences}
}
@article{US-GBT,
	doi = {10.1016/s0269-7491(99)00156-6},
	url = {https://doi.org/10.1016%2Fs0269-7491%2899%2900156-6},
	year = 2000,
	month = {jan},
	publisher = {Elsevier {BV}},
	volume = {107},
	number = {1},
	pages = {1--20},
	author = {K.F. Zeller and N.T. Nikolov},
	title = {Quantifying simultaneous fluxes of ozone, carbon dioxide and water vapor above a subalpine forest ecosystem},
	journal = {Environmental Pollution}
}
@article{US-Wi0,
	doi = {10.1007/s10021-007-9018-y},
	url = {https://doi.org/10.1007%2Fs10021-007-9018-y},
	year = 2007,
	month = {jun},
	publisher = {Springer Nature},
	volume = {10},
	number = {2},
	pages = {187--203},
	author = {Asko Noormets and Jiquan Chen and Thomas R. Crow},
	title = {Age-Dependent Changes in Ecosystem Carbon Fluxes in Managed Forests in Northern {W}isconsin, {USA}},
	journal = {Ecosystems}
}
@article{AU-Rob,
	doi = {10.5194/bg-13-5895-2016},
	url = {https://doi.org/10.5194%2Fbg-13-5895-2016},
	year = 2016,
	month = {oct},
	publisher = {Copernicus {GmbH}},
	volume = {13},
	number = {21},
	pages = {5895--5916},
	author = {Jason Beringer and Lindsay B. Hutley and Ian McHugh and Stefan K. Arndt and David Campbell and Helen A. Cleugh and James Cleverly and V{\'{\i}}ctor Resco de Dios and Derek Eamus and Bradley Evans and Cacilia Ewenz and Peter Grace and Anne Griebel and Vanessa Haverd and Nina Hinko-Najera and Alfredo Huete and Peter Isaac and Kasturi Kanniah and Ray Leuning and Michael J. Liddell and Craig Macfarlane and Wayne Meyer and Caitlin Moore and Elise Pendall and Alison Phillips and Rebecca L. Phillips and Suzanne M. Prober and Natalia Restrepo-Coupe and Susanna Rutledge and Ivan Schroder and Richard Silberstein and Patricia Southall and Mei Sun Yee and Nigel J. Tapper and Eva van Gorsel and Camilla Vote and Jeff Walker and Tim Wardlaw},
	title = {An introduction to the {A}ustralian and {N}ew {Z}ealand flux tower network {\textendash}
		{OzFlux}},
	journal = {Biogeosciences}
}
@article{US-Wi4,
	doi = {10.1007/s10021-007-9018-y},
	url = {https://doi.org/10.1007%2Fs10021-007-9018-y},
	year = 2007,
	month = {jun},
	publisher = {Springer Nature},
	volume = {10},
	number = {2},
	pages = {187--203},
	author = {Asko Noormets and Jiquan Chen and Thomas R. Crow},
	title = {Age-Dependent Changes in Ecosystem Carbon Fluxes in Managed Forests in Northern {W}isconsin, {USA}},
	journal = {Ecosystems}
}
@article{US-Wi6,
	doi = {10.1007/s10021-007-9018-y},
	url = {https://doi.org/10.1007%2Fs10021-007-9018-y},
	year = 2007,
	month = {jun},
	publisher = {Springer Nature},
	volume = {10},
	number = {2},
	pages = {187--203},
	author = {Asko Noormets and Jiquan Chen and Thomas R. Crow},
	title = {Age-Dependent Changes in Ecosystem Carbon Fluxes in Managed Forests in Northern {W}isconsin, {USA}},
	journal = {Ecosystems}
}
@article{DE-Gri,
	doi = {10.1016/j.agrformet.2010.03.008},
	url = {https://doi.org/10.1016%2Fj.agrformet.2010.03.008},
	year = 2010,
	month = {jul},
	publisher = {Elsevier {BV}},
	volume = {150},
	number = {7-8},
	pages = {1016--1025},
	author = {Anne-Katrin Prescher and Thomas Gr{\"u}nwald and Christian Bernhofer},
	title = {Land use regulates carbon budgets in eastern {G}ermany: From {NEE} to {NBP}},
	journal = {Agricultural and Forest Meteorology}
}
@article{US-Ha1,
	doi = {10.1029/2006jg000293},
	url = {https://doi.org/10.1029%2F2006jg000293},
	year = 2007,
	month = {may},
	publisher = {Wiley-Blackwell},
	volume = {112},
	number = {G2},
	author = {S. Urbanski and C. Barford and S. Wofsy and C. Kucharik and E. Pyle and J. Budney and K. McKain and D. Fitzjarrald and M. Czikowsky and J. W. Munger},
	title = {Factors controlling {CO}2 exchange on timescales from hourly to decadal at {H}arvard {F}orest},
	journal = {Journal of Geophysical Research}
}
@article{IT-Ro1,
	doi = {10.1046/j.1365-2486.2002.00521.x},
	url = {https://doi.org/10.1046%2Fj.1365-2486.2002.00521.x},
	year = 2002,
	month = {sep},
	publisher = {Wiley-Blackwell},
	volume = {8},
	number = {9},
	pages = {851--866},
	author = {Ana Rey and Emiliano Pegoraro and Vanessa Tedeschi and Ilaria De Parri and Paul G. Jarvis and Riccardo Valentini},
	title = {Annual variation in soil respiration and its components in a coppice oak forest in Central {I}taly},
	journal = {Global Change Biology}
}
@article{US-KS2,
	doi = {10.1016/j.agrformet.2006.09.002},
	url = {https://doi.org/10.1016%2Fj.agrformet.2006.09.002},
	year = 2006,
	month = {dec},
	publisher = {Elsevier {BV}},
	volume = {141},
	number = {1},
	pages = {19--34},
	author = {Thomas L. Powell and Rosvel Bracho and Jiahong Li and Sabina Dore and C. Ross Hinkle and Bert G. Drake},
	title = {Environmental controls over net ecosystem carbon exchange of scrub oak in central {F}lorida},
	journal = {Agricultural and Forest Meteorology}
}
@article{CZ-wet,
	doi = {10.1007/s10750-012-0998-z},
	url = {https://doi.org/10.1007%2Fs10750-012-0998-z},
	year = 2012,
	month = {jan},
	publisher = {Springer Nature},
	volume = {692},
	number = {1},
	pages = {57--66},
	author = {J. Du{\v{s}}ek and H. {\v{C}}{\'{\i}}{\v{z}}kov{\'{a}} and S. Stellner and R. Czern{\'{y}} and J. Kv{\v{e}}t},
	title = {Fluctuating water table affects gross ecosystem production and gross radiation use efficiency in a sedge-grass marsh},
	journal = {Hydrobiologia}
}
@article{IT-Lav,
	doi = {10.1023/a:1023027709805},
	url = {https://doi.org/10.1023%2Fa%3A1023027709805},
	year = 2003,
	month = {jul},
	publisher = {Springer Nature},
	volume = {108},
	number = {1},
	pages = {39--59},
	author = {B. Marcolla and A. Pitacco and A. Cescatti},
	title = {Canopy Architecture and Turbulence Structure in a Coniferous Forest},
	journal = {Boundary-Layer Meteorology}
}
@article{US-AR2,
	doi = {10.1016/j.agee.2015.07.021},
	url = {https://doi.org/10.1016%2Fj.agee.2015.07.021},
	year = 2015,
	month = {dec},
	publisher = {Elsevier {BV}},
	volume = {213},
	pages = {209--218},
	author = {Naama Raz-Yaseef and Dave P. Billesbach and Marc L. Fischer and Sebastien C. Biraud and Stacey A. Gunter and James A. Bradford and Margaret S. Torn},
	title = {Vulnerability of crops and native grasses to summer drying in the {U.S.} Southern {G}reat {P}lains},
	journal = {Agriculture, Ecosystems {\&} Environment}
}
@article{US-AR1,
	doi = {10.1016/j.agee.2015.07.021},
	url = {https://doi.org/10.1016%2Fj.agee.2015.07.021},
	year = 2015,
	month = {dec},
	publisher = {Elsevier {BV}},
	volume = {213},
	pages = {209--218},
	author = {Naama Raz-Yaseef and Dave P. Billesbach and Marc L. Fischer and Sebastien C. Biraud and Stacey A. Gunter and James A. Bradford and Margaret S. Torn},
	title = {Vulnerability of crops and native grasses to summer drying in the {U.S.} Southern {G}reat {P}lains},
	journal = {Agriculture, Ecosystems {\&} Environment}
}
@article{CN-Dan,
	doi = {10.1007/s11430-006-8207-4},
	url = {https://doi.org/10.1007%2Fs11430-006-8207-4},
	year = 2006,
	month = {nov},
	publisher = {Springer Nature},
	volume = {49},
	number = {S2},
	pages = {207--218},
	author = {Peili Shi and Xiaomin Sun and Lingling Xu and Xianzhou Zhang and Yongtao He and Dongqiu Zhang and Guirui Yu},
	title = {Net ecosystem {CO}2 exchange and controlling factors in a steppe{\textemdash}Kobresia meadow on the {T}ibetan {P}lateau},
	journal = {Science in China Series D: Earth Sciences}
}
@article{US-ARc,
	doi = {10.1016/j.agee.2015.07.021},
	url = {https://doi.org/10.1016%2Fj.agee.2015.07.021},
	year = 2015,
	month = {dec},
	publisher = {Elsevier {BV}},
	volume = {213},
	pages = {209--218},
	author = {Naama Raz-Yaseef and Dave P. Billesbach and Marc L. Fischer and Sebastien C. Biraud and Stacey A. Gunter and James A. Bradford and Margaret S. Torn},
	title = {Vulnerability of crops and native grasses to summer drying in the {U.S.} Southern {G}reat {P}lains},
	journal = {Agriculture, Ecosystems {\&} Environment}
}
@article{SD-Dem,
	doi = {10.1186/1750-0680-3-7},
	url = {https://doi.org/10.1186%2F1750-0680-3-7},
	year = 2008,
	publisher = {Springer Nature},
	volume = {3},
	number = {1},
	pages = {7},
	author = {Jonas Ardo and Meelis Molder and Bashir A El-Tahir and Hatim A M Elkhidir},
	title = {Seasonal variation of carbon fluxes in a sparse savanna in semi arid {S}udan},
	journal = {Carbon Balance and Management}
}
@article{US-Twt,
	doi = {10.1016/j.agee.2012.01.009},
	url = {https://doi.org/10.1016%2Fj.agee.2012.01.009},
	year = 2012,
	month = {mar},
	publisher = {Elsevier {BV}},
	volume = {150},
	pages = {1--18},
	author = {Jaclyn A. Hatala and Matteo Detto and Oliver Sonnentag and Steven J. Deverel and Joseph Verfaillie and Dennis D. Baldocchi},
	title = {Greenhouse gas ({CO}2, {CH}4, {H2O}) fluxes from drained and flooded agricultural peatlands in the {S}acramento-{S}an {J}oaquin {D}elta},
	journal = {Agriculture, Ecosystems {\&} Environment}
}
@article{US-MMS,
	doi = {10.1111/j.1365-2486.2010.02281.x},
	url = {https://doi.org/10.1111%2Fj.1365-2486.2010.02281.x},
	year = 2011,
	month = {jan},
	publisher = {Wiley-Blackwell},
	volume = {17},
	number = {2},
	pages = {886--897},
	author = {Danilo Dragoni and Hans Peter Schmid and Craig A. Wayson and Henry Potter and C. Susan B. Grimmond and James C. Randolph},
	title = {Evidence of increased net ecosystem productivity associated with a longer vegetated season in a deciduous forest in south-central {I}ndiana, {USA}},
	journal = {Global Change Biology}
}
@article{JP-MBF,
	doi = {10.1016/j.agrformet.2008.09.008},
	url = {https://doi.org/10.1016%2Fj.agrformet.2008.09.008},
	year = 2008,
	month = {dec},
	publisher = {Elsevier {BV}},
	volume = {148},
	number = {12},
	pages = {1978--1989},
	author = {Kazuho Matsumoto and Takeshi Ohta and Taro Nakai and Takashi Kuwada and Ken'ichi Daikoku and Shin'ichi Iida and Hironori Yabuki and Alexander V. Kononov and Michiel K. van der Molen and Yuji Kodama and Trofim C. Maximov and A. Johannes Dolman and Shigeaki Hattori},
	title = {Energy consumption and evapotranspiration at several boreal and temperate forests in the {F}ar {E}ast},
	journal = {Agricultural and Forest Meteorology}
}
@article{US-WCr,
	doi = {10.1016/j.agrformet.2004.06.008},
	url = {https://doi.org/10.1016%2Fj.agrformet.2004.06.008},
	year = 2004,
	month = {nov},
	publisher = {Elsevier {BV}},
	volume = {126},
	number = {3-4},
	pages = {271--295},
	author = {Bruce D. Cook and Kenneth J. Davis and Weiguo Wang and Ankur Desai and Bradford W. Berger and Ron M. Teclaw and Jonathan G. Martin and Paul V. Bolstad and Peter S. Bakwin and Chuixiang Yi and Warren Heilman},
	title = {Carbon exchange and venting anomalies in an upland deciduous forest in northern {W}isconsin, {USA}},
	journal = {Agricultural and Forest Meteorology}
}
@article{CZ-BK1,
	doi = {10.1016/j.geoderma.2012.08.027},
	url = {https://doi.org/10.1016%2Fj.geoderma.2012.08.027},
	year = 2013,
	month = {jan},
	publisher = {Elsevier {BV}},
	volume = {192},
	pages = {295--303},
	author = {Manuel Acosta and Marian Pavelka and Leonardo Montagnani and Werner Kutsch and Anders Lindroth and Rados{\l}aw Juszczak and Dalibor Janou{\v{s}}},
	title = {Soil surface {CO}2 efflux measurements in {N}orway spruce forests: Comparison between four different sites across {E}urope {\textemdash} from boreal to alpine forest},
	journal = {Geoderma}
}
@article{US-UMB,
	doi = {10.1890/12-1554.1},
	url = {https://doi.org/10.1890%2F12-1554.1},
	year = 2013,
	month = {jul},
	publisher = {Wiley-Blackwell},
	volume = {23},
	number = {5},
	pages = {1202--1215},
	author = {Christopher M. Gough and Brady S. Hardiman and Lucas E. Nave and Gil Bohrer and Kyle D. Maurer and Christoph S. Vogel and Knute J. Nadelhoffer and Peter S. Curtis},
	title = {Sustained carbon uptake and storage following moderate disturbance in a {G}reat {L}akes forest},
	journal = {Ecological Applications}
}
@article{AU-Lox,
	doi = {10.1007/s00271-011-0270-8},
	url = {https://doi.org/10.1007%2Fs00271-011-0270-8},
	year = 2011,
	month = {mar},
	publisher = {Springer Nature},
	volume = {30},
	number = {3},
	pages = {189--200},
	author = {Rob M. Stevens and Caecilia M. Ewenz and Gary Grigson and Samantha M. Conner},
	title = {Water use by an irrigated almond orchard},
	journal = {Irrigation Science}
}
@article{IT-La2,
	doi = {10.1023/a:1023027709805},
	url = {https://doi.org/10.1023%2Fa%3A1023027709805},
	year = 2003,
	month = {jul},
	publisher = {Springer Nature},
	volume = {108},
	number = {1},
	pages = {39--59},
	author = {B. Marcolla and A. Pitacco and A. Cescatti},
	title = {Canopy Architecture and Turbulence Structure in a Coniferous Forest},
	journal = {Boundary-Layer Meteorology}
}
@article{IT-MBo,
	doi = {10.1016/j.agrformet.2011.04.015},
	url = {https://doi.org/10.1016%2Fj.agrformet.2011.04.015},
	year = 2011,
	month = {sep},
	publisher = {Elsevier {BV}},
	volume = {151},
	number = {9},
	pages = {1233--1243},
	author = {Barbara Marcolla and Alessandro Cescatti and Giovanni Manca and Roberto Zorer and Mauro Cavagna and Alessandro Fiora and Damiano Gianelle and Mirco Rodeghiero and Matteo Sottocornola and Roberto Zampedri},
	title = {Climatic controls and ecosystem responses drive the inter-annual variability of the net ecosystem exchange of an alpine meadow},
	journal = {Agricultural and Forest Meteorology}
}
@article{DE-Lkb,
	doi = {10.1016/j.agrformet.2014.07.005},
	url = {https://doi.org/10.1016%2Fj.agrformet.2014.07.005},
	year = 2014,
	month = {oct},
	publisher = {Elsevier {BV}},
	volume = {197},
	pages = {219--234},
	author = {M. Lindauer and H.P. Schmid and R. Grote and M. Mauder and R. Steinbrecher and B. Wolpert},
	title = {Net ecosystem exchange over a non-cleared wind-throw-disturbed upland spruce forest{\textemdash}Measurements and simulations},
	journal = {Agricultural and Forest Meteorology}
}
@article{ZM-Mon,
	doi = {10.5194/bg-6-1027-2009},
	url = {https://doi.org/10.5194%2Fbg-6-1027-2009},
	year = 2009,
	month = {jun},
	publisher = {Copernicus {GmbH}},
	volume = {6},
	number = {6},
	pages = {1027--1041},
	author = {L. Merbold and J. Ard{\"o} and A. Arneth and R. J. Scholes and Y. Nouvellon and A. de Grandcourt and S. Archibald and J. M. Bonnefond and N. Boulain and N. Brueggemann and C. Bruemmer and B. Cappelaere and E. Ceschia and H. A. M. El-Khidir and B. A. El-Tahir and U. Falk and J. Lloyd and L. Kergoat and V. Le Dantec and E. Mougin and M. Muchinda and M. M. Mukelabai and D. Ramier and O. Roupsard and F. Timouk and E. M. Veenendaal and W. L. Kutsch},
	title = {Precipitation as driver of carbon fluxes in 11 {A}frican ecosystems},
	journal = {Biogeosciences}
}
@article{CA-NS6,
	doi = {10.1111/j.1365-2486.2006.01251.x},
	url = {https://doi.org/10.1111%2Fj.1365-2486.2006.01251.x},
	year = 2006,
	month = {nov},
	publisher = {Wiley-Blackwell},
	volume = {12},
	number = {11},
	pages = {2146--2162},
	author = {Michael L. Goulden and Gregory C. Winston and Andrew M. S. McMillan and Marcy E. Litvak and Edward L. Read and Adrian V. Rocha and J. Rob Elliot},
	title = {An eddy covariance mesonet to measure the effect of forest age on land?atmosphere exchange},
	journal = {Global Change Biology}
}
@article{AU-Tum,
	doi = {10.1016/j.agrformet.2004.12.004},
	url = {https://doi.org/10.1016%2Fj.agrformet.2004.12.004},
	year = 2005,
	month = {apr},
	publisher = {Elsevier {BV}},
	volume = {129},
	number = {3-4},
	pages = {151--173},
	author = {Ray Leuning and Helen A. Cleugh and Steven J. Zegelin and Dale Hughes},
	title = {Carbon and water fluxes over a temperate Eucalyptus forest and a tropical wet/dry savanna in {A}ustralia: measurements and comparison with {MODIS} remote sensing estimates},
	journal = {Agricultural and Forest Meteorology}
}
@article{CA-NS4,
	doi = {10.1111/j.1365-2486.2006.01251.x},
	url = {https://doi.org/10.1111%2Fj.1365-2486.2006.01251.x},
	year = 2006,
	month = {nov},
	publisher = {Wiley-Blackwell},
	volume = {12},
	number = {11},
	pages = {2146--2162},
	author = {Michael L. Goulden and Gregory C. Winston and Andrew M. S. McMillan and Marcy E. Litvak and Edward L. Read and Adrian V. Rocha and J. Rob Elliot},
	title = {An eddy covariance mesonet to measure the effect of forest age on land?atmosphere exchange},
	journal = {Global Change Biology}
}
@article{AU-Ync,
	doi = {10.1016/j.agrformet.2015.07.004},
	url = {https://doi.org/10.1016%2Fj.agrformet.2015.07.004},
	year = 2015,
	month = {nov},
	publisher = {Elsevier {BV}},
	volume = {213},
	pages = {226--239},
	author = {Mei Sun Yee and Valentijn R.N. Pauwels and Edoardo Daly and Jason Beringer and Christoph R{\"u}diger and Matthew F. McCabe and Jeffrey P. Walker},
	title = {A comparison of optical and microwave scintillometers with eddy covariance derived surface heat fluxes},
	journal = {Agricultural and Forest Meteorology}
}
@article{CA-NS2,
	doi = {10.1111/j.1365-2486.2006.01251.x},
	url = {https://doi.org/10.1111%2Fj.1365-2486.2006.01251.x},
	year = 2006,
	month = {nov},
	publisher = {Wiley-Blackwell},
	volume = {12},
	number = {11},
	pages = {2146--2162},
	author = {Michael L. Goulden and Gregory C. Winston and Andrew M. S. McMillan and Marcy E. Litvak and Edward L. Read and Adrian V. Rocha and J. Rob Elliot},
	title = {An eddy covariance mesonet to measure the effect of forest age on land?atmosphere exchange},
	journal = {Global Change Biology}
}
@article{CA-NS3,
	doi = {10.1111/j.1365-2486.2006.01251.x},
	url = {https://doi.org/10.1111%2Fj.1365-2486.2006.01251.x},
	year = 2006,
	month = {nov},
	publisher = {Wiley-Blackwell},
	volume = {12},
	number = {11},
	pages = {2146--2162},
	author = {Michael L. Goulden and Gregory C. Winston and Andrew M. S. McMillan and Marcy E. Litvak and Edward L. Read and Adrian V. Rocha and J. Rob Elliot},
	title = {An eddy covariance mesonet to measure the effect of forest age on land?atmosphere exchange},
	journal = {Global Change Biology}
}
@article{CA-NS1,
	doi = {10.1111/j.1365-2486.2006.01251.x},
	url = {https://doi.org/10.1111%2Fj.1365-2486.2006.01251.x},
	year = 2006,
	month = {nov},
	publisher = {Wiley-Blackwell},
	volume = {12},
	number = {11},
	pages = {2146--2162},
	author = {Michael L. Goulden and Gregory C. Winston and Andrew M. S. McMillan and Marcy E. Litvak and Edward L. Read and Adrian V. Rocha and J. Rob Elliot},
	title = {An eddy covariance mesonet to measure the effect of forest age on land?atmosphere exchange},
	journal = {Global Change Biology}
}
@article{US-Ne1,
	doi = {10.1016/j.agrformet.2005.05.003},
	url = {https://doi.org/10.1016%2Fj.agrformet.2005.05.003},
	year = 2005,
	month = {jul},
	publisher = {Elsevier {BV}},
	volume = {131},
	number = {1-2},
	pages = {77--96},
	author = {Shashi B. Verma and Achim Dobermann and Kenneth G. Cassman and Daniel T. Walters and Johannes M. Knops and Timothy J. Arkebauer and Andrew E. Suyker and George G. Burba and Brigid Amos and Haishun Yang and Daniel Ginting and Kenneth G. Hubbard and Anatoly A. Gitelson and Elizabeth A. Walter-Shea},
	title = {Annual carbon dioxide exchange in irrigated and rainfed maize-based agroecosystems},
	journal = {Agricultural and Forest Meteorology}
}
@article{US-Ne2,
	doi = {10.1016/j.agrformet.2005.05.003},
	url = {https://doi.org/10.1016%2Fj.agrformet.2005.05.003},
	year = 2005,
	month = {jul},
	publisher = {Elsevier {BV}},
	volume = {131},
	number = {1-2},
	pages = {77--96},
	author = {Shashi B. Verma and Achim Dobermann and Kenneth G. Cassman and Daniel T. Walters and Johannes M. Knops and Timothy J. Arkebauer and Andrew E. Suyker and George G. Burba and Brigid Amos and Haishun Yang and Daniel Ginting and Kenneth G. Hubbard and Anatoly A. Gitelson and Elizabeth A. Walter-Shea},
	title = {Annual carbon dioxide exchange in irrigated and rainfed maize-based agroecosystems},
	journal = {Agricultural and Forest Meteorology}
}
@article{US-Ne3,
	doi = {10.1016/j.agrformet.2005.05.003},
	url = {https://doi.org/10.1016%2Fj.agrformet.2005.05.003},
	year = 2005,
	month = {jul},
	publisher = {Elsevier {BV}},
	volume = {131},
	number = {1-2},
	pages = {77--96},
	author = {Shashi B. Verma and Achim Dobermann and Kenneth G. Cassman and Daniel T. Walters and Johannes M. Knops and Timothy J. Arkebauer and Andrew E. Suyker and George G. Burba and Brigid Amos and Haishun Yang and Daniel Ginting and Kenneth G. Hubbard and Anatoly A. Gitelson and Elizabeth A. Walter-Shea},
	title = {Annual carbon dioxide exchange in irrigated and rainfed maize-based agroecosystems},
	journal = {Agricultural and Forest Meteorology}
}
@article{JP-SMF,
	doi = {10.1016/j.agrformet.2008.09.008},
	url = {https://doi.org/10.1016%2Fj.agrformet.2008.09.008},
	year = 2008,
	month = {dec},
	publisher = {Elsevier {BV}},
	volume = {148},
	number = {12},
	pages = {1978--1989},
	author = {Kazuho Matsumoto and Takeshi Ohta and Taro Nakai and Takashi Kuwada and Ken'ichi Daikoku and Shin'ichi Iida and Hironori Yabuki and Alexander V. Kononov and Michiel K. van der Molen and Yuji Kodama and Trofim C. Maximov and A. Johannes Dolman and Shigeaki Hattori},
	title = {Energy consumption and evapotranspiration at several boreal and temperate forests in the {F}ar {E}ast},
	journal = {Agricultural and Forest Meteorology}
}
@article{IT-Cp2,
	doi = {10.1016/j.agrformet.2014.08.014},
	url = {https://doi.org/10.1016%2Fj.agrformet.2014.08.014},
	year = 2014,
	month = {nov},
	publisher = {Elsevier {BV}},
	volume = {198-199},
	pages = {181--191},
	author = {S. Fares and F. Savi and J. Muller and G. Matteucci and E. Paoletti},
	title = {Simultaneous measurements of above and below canopy ozone fluxes help partitioning ozone deposition between its various sinks in a {M}editerranean {O}ak {F}orest},
	journal = {Agricultural and Forest Meteorology}
}
@article{IT-BCi,
	doi = {10.1007/s00484-015-1038-2},
	url = {https://doi.org/10.1007%2Fs00484-015-1038-2},
	year = 2015,
	month = {jul},
	publisher = {Springer Nature},
	volume = {60},
	number = {3},
	pages = {411--420},
	author = {Luca Vitale and Paul Di Tommasi and Guido D'Urso and Vincenzo Magliulo},
	title = {The response of ecosystem carbon fluxes to {LAI} and environmental drivers in a maize crop grown in two contrasting seasons},
	journal = {International Journal of Biometeorology}
}
@article{AT-Neu,
	doi = {10.1029/2007jd009286},
	url = {https://doi.org/10.1029%2F2007jd009286},
	year = 2008,
	month = {apr},
	publisher = {Wiley-Blackwell},
	volume = {113},
	number = {D8},
	author = {Georg Wohlfahrt and Albin Hammerle and Alois Haslwanter and Michael Bahn and Ulrike Tappeiner and Alexander Cernusca},
	title = {Seasonal and inter-annual variability of the net ecosystem {CO}2 exchange of a temperate mountain grassland: Effects of weather and management},
	journal = {Journal of Geophysical Research}
}
@article{US-Whs,
	doi = {10.1002/2015jg003181},
	url = {https://doi.org/10.1002%2F2015jg003181},
	year = 2015,
	month = {dec},
	publisher = {Wiley-Blackwell},
	volume = {120},
	number = {12},
	pages = {2612--2624},
	author = {Russell L. Scott and Joel A. Biederman and Erik P. Hamerlynck and Greg A. Barron-Gafford},
	title = {The carbon balance pivot point of southwestern {U.S.} semiarid ecosystems: {I}nsights from the 21st century drought},
	journal = {Journal of Geophysical Research: Biogeosciences}
}
@article{US-GLE,
	doi = {10.1002/2013jg002597},
	url = {https://doi.org/10.1002%2F2013jg002597},
	year = 2014,
	month = {jun},
	publisher = {Wiley-Blackwell},
	volume = {119},
	number = {6},
	pages = {1195--1215},
	author = {John M. Frank and William J. Massman and Brent E. Ewers and Laurie S. Huckaby and Jos{\'{e}} F. Negr{\'{o}}n},
	title = {Ecosystem {CO}2/{H2O} fluxes are explained by hydraulically limited gas exchange during tree mortality from spruce bark beetles},
	journal = {Journal of Geophysical Research: Biogeosciences}
}
@article{GF-Guy,
	doi = {10.1111/j.1365-2486.2008.01610.x},
	url = {https://doi.org/10.1111%2Fj.1365-2486.2008.01610.x},
	year = 2008,
	month = {aug},
	publisher = {Wiley-Blackwell},
	volume = {14},
	number = {8},
	pages = {1917--1933},
	author = {Damien Bonal and Alexandre Bosc and St{\'{e}}phane Ponton and Jean-Yves Goret and Beno{\^{i}}t Burban and Patrick Gross and Jean-Marc Bonnefond and Jan Elbers and Bernard Longdoz and Daniel Epron and Jean-Marc Guehl and Andr{\'{e}} Granier},
	title = {Impact of severe dry season on net ecosystem exchange in the Neotropical rainforest of {F}rench {G}uiana},
	journal = {Global Change Biology}
}
@article{US-Myb,
	doi = {10.1002/2014jg002642},
	url = {https://doi.org/10.1002%2F2014jg002642},
	year = 2014,
	month = {jul},
	publisher = {Wiley-Blackwell},
	volume = {119},
	number = {7},
	pages = {1322--1339},
	author = {Jaclyn Hatala Matthes and Cove Sturtevant and Joseph Verfaillie and Sara Knox and Dennis Baldocchi},
	title = {Parsing the variability in {CH}4flux at a spatially heterogeneous wetland: Integrating multiple eddy covariance towers with high-resolution flux footprint analysis},
	journal = {Journal of Geophysical Research: Biogeosciences}
}
@article{DE-Tha,
	doi = {10.3402/tellusb.v59i3.17000},
	url = {https://doi.org/10.3402%2Ftellusb.v59i3.17000},
	year = 2007,
	month = {jul},
	publisher = {Informa {UK} Limited},
	volume = {59},
	number = {3},
	author = {Thomas Gr{\"u}nwald and Christian Bernhofer},
	title = {A decade of carbon, water and energy flux measurements of an old spruce forest at the {A}nchor {S}tation {T}harandt},
	journal = {Tellus B}
}
@article{CH-Lae,
	doi = {10.1007/s10021-011-9481-3},
	url = {https://doi.org/10.1007%2Fs10021-011-9481-3},
	year = 2011,
	month = {sep},
	publisher = {Springer Nature},
	volume = {14},
	number = {8},
	pages = {1289--1309},
	author = {Sophia Etzold and Nadine K. Ruehr and Roman Zweifel and Matthias Dobbertin and Andreas Zingg and Peter Pluess and Rudolf H{\"a}sler and Werner Eugster and Nina Buchmann},
	title = {The Carbon Balance of Two Contrasting Mountain Forest Ecosystems in {S}witzerland: Similar Annual Trends, but Seasonal Differences},
	journal = {Ecosystems}
}
@article{AU-Rig,
	doi = {10.5194/bg-13-5895-2016},
	url = {https://doi.org/10.5194%2Fbg-13-5895-2016},
	year = 2016,
	month = {oct},
	publisher = {Copernicus {GmbH}},
	volume = {13},
	number = {21},
	pages = {5895--5916},
	author = {Jason Beringer and Lindsay B. Hutley and Ian McHugh and Stefan K. Arndt and David Campbell and Helen A. Cleugh and James Cleverly and V{\'{\i}}ctor Resco de Dios and Derek Eamus and Bradley Evans and Cacilia Ewenz and Peter Grace and Anne Griebel and Vanessa Haverd and Nina Hinko-Najera and Alfredo Huete and Peter Isaac and Kasturi Kanniah and Ray Leuning and Michael J. Liddell and Craig Macfarlane and Wayne Meyer and Caitlin Moore and Elise Pendall and Alison Phillips and Rebecca L. Phillips and Suzanne M. Prober and Natalia Restrepo-Coupe and Susanna Rutledge and Ivan Schroder and Richard Silberstein and Patricia Southall and Mei Sun Yee and Nigel J. Tapper and Eva van Gorsel and Camilla Vote and Jeff Walker and Tim Wardlaw},
	title = {An introduction to the {A}ustralian and {N}ew {Z}ealand flux tower network {\textendash}
		{OzFlux}},
	journal = {Biogeosciences}
}
@article{NL-Hor,
	doi = {10.5194/bg-4-803-2007},
	url = {https://doi.org/10.5194%2Fbg-4-803-2007},
	year = 2007,
	month = {oct},
	publisher = {Copernicus {GmbH}},
	volume = {4},
	number = {5},
	pages = {803--816},
	author = {C. M. J. Jacobs and A. F. G. Jacobs and F. C. Bosveld and D. M. D. Hendriks and A. Hensen and P. S. Kroon and E. J. Moors and L. Nol and A. Schrier-Uijl and E. M. Veenendaal},
	title = {Variability of annual {CO}\textsubscript{2} exchange from {D}utch grasslands},
	journal = {Biogeosciences}
}
@article{BE-Lon,
	doi = {10.1016/j.agrformet.2006.05.009},
	url = {https://doi.org/10.1016%2Fj.agrformet.2006.05.009},
	year = 2006,
	month = {sep},
	publisher = {Elsevier {BV}},
	volume = {139},
	number = {1-2},
	pages = {25--39},
	author = {Christine Moureaux and Alain Debacq and Bernard Bodson and Bernard Heinesch and Marc Aubinet},
	title = {Annual net ecosystem carbon exchange by a sugar beet crop},
	journal = {Agricultural and Forest Meteorology}
}
@article{IT-Isp,
	doi = {10.1016/j.pedobi.2012.05.001},
	url = {https://doi.org/10.1016%2Fj.pedobi.2012.05.001},
	year = 2012,
	month = {nov},
	publisher = {Elsevier {BV}},
	volume = {55},
	number = {6},
	pages = {285--294},
	author = {Chiara Ferr{\'{e}}a and Terenzio Zenone and Roberto Comolli and G{\"u}nther Seufert},
	title = {Estimating heterotrophic and autotrophic soil respiration in a semi-natural forest of {L}ombardy, {I}taly},
	journal = {Pedobiologia}
}
@article{US-NR1,
	doi = {10.1046/j.1365-2486.2002.00480.x},
	url = {https://doi.org/10.1046%2Fj.1365-2486.2002.00480.x},
	year = 2002,
	month = {may},
	publisher = {Wiley-Blackwell},
	volume = {8},
	number = {5},
	pages = {459--478},
	author = {R. K. Monson and A. A. Turnipseed and J. P. Sparks and P. C. Harley and L. E. Scott-Denton and K. Sparks and T. E. Huxman},
	title = {Carbon sequestration in a high-elevation, subalpine forest},
	journal = {Global Change Biology}
}
@article{AR-Vir,
	doi = {10.3832/ifor1815-009},
	url = {https://doi.org/10.3832%2Fifor1815-009},
	year = 2016,
	month = {oct},
	publisher = {Italian Society of Sivilculture and Forest Ecology ({SISEF})},
	volume = {9},
	number = {5},
	pages = {736--742},
	author = {G Posse and N Lewczuk and K Richter and P Cristiano},
	title = {Carbon and water vapor balance in a subtropical pine plantation},
	journal = {{iForest} - Biogeosciences and Forestry}
}
@article{IT-Cpz,
	doi = {10.1111/j.1365-2486.2008.01684.x},
	url = {https://doi.org/10.1111%2Fj.1365-2486.2008.01684.x},
	year = 2008,
	month = {dec},
	publisher = {Wiley-Blackwell},
	volume = {14},
	number = {12},
	pages = {2860--2867},
	author = {Mart{\'{i}}n F. Garbulsky and Josep Pe{\~{n}}uelas and Dario Papale and Iolanda Filella},
	title = {Remote estimation of carbon dioxide uptake by a {M}editerranean forest},
	journal = {Global Change Biology}
}
@article{RU-Fyo,
	doi = {10.5194/bg-5-969-2008},
	url = {https://doi.org/10.5194%2Fbg-5-969-2008},
	year = 2008,
	month = {jul},
	publisher = {Copernicus {GmbH}},
	volume = {5},
	number = {4},
	pages = {969--980},
	author = {J. Kurbatova and C. Li and A. Varlagin and X. Xiao and N. Vygodskaya},
	title = {Modeling carbon dynamics in two adjacent spruce forests with different soil conditions in {R}ussia},
	journal = {Biogeosciences}
}
@article{FR-LBr,
	doi = {10.1016/s0168-1923(01)00240-4},
	url = {https://doi.org/10.1016%2Fs0168-1923%2801%2900240-4},
	year = 2001,
	month = {jun},
	publisher = {Elsevier {BV}},
	volume = {108},
	number = {3},
	pages = {183--197},
	author = {Paul Berbigier and Jean-Marc Bonnefond and Patricia Mellmann},
	title = {{CO}2 and water vapour fluxes for 2 years above {E}uroflux forest site},
	journal = {Agricultural and Forest Meteorology}
}
@article{US-ARM,
	doi = {10.1175/ei231.1},
	url = {https://doi.org/10.1175%2Fei231.1},
	year = 2007,
	month = {oct},
	publisher = {American Meteorological Society},
	volume = {11},
	number = {17},
	pages = {1--21},
	author = {Marc L. Fischer and David P. Billesbach and Joseph A. Berry and William J. Riley and Margaret S. Torn},
	title = {Spatiotemporal Variations in Growing Season Exchanges of {CO}2, {H2O}, and Sensible Heat in Agricultural Fields of the Southern {G}reat {P}lains},
	journal = {Earth Interactions}
}
@article{US-ARb,
	doi = {10.1016/j.agee.2015.07.021},
	url = {https://doi.org/10.1016%2Fj.agee.2015.07.021},
	year = 2015,
	month = {dec},
	publisher = {Elsevier {BV}},
	volume = {213},
	pages = {209--218},
	author = {Naama Raz-Yaseef and Dave P. Billesbach and Marc L. Fischer and Sebastien C. Biraud and Stacey A. Gunter and James A. Bradford and Margaret S. Torn},
	title = {Vulnerability of crops and native grasses to summer drying in the {U.S. S}outhern {G}reat {P}lains},
	journal = {Agriculture, Ecosystems {\&} Environment}
}
@article{DK-ZaF,
	doi = {10.5194/tc-10-1395-2016},
	url = {https://doi.org/10.5194%2Ftc-10-1395-2016},
	year = 2016,
	month = {jul},
	publisher = {Copernicus {GmbH}},
	volume = {10},
	number = {4},
	pages = {1395--1413},
	author = {Christian Stiegler and Magnus Lund and Torben R{\o}jle Christensen and Mikhail Mastepanov and Anders Lindroth},
	title = {Two years with extreme and little snowfall: effects on energy partitioning and surface energy exchange in a high-{A}rctic tundra ecosystem},
	journal = {The Cryosphere}
}
@article{IT-Ren,
	doi = {10.1029/2008jd010650},
	url = {https://doi.org/10.1029%2F2008jd010650},
	year = 2009,
	month = {apr},
	publisher = {Wiley-Blackwell},
	volume = {114},
	number = {D7},
	author = {Leonardo Montagnani and Giovanni Manca and Elisa Canepa and Emilia Georgieva and Manuel Acosta and Christian Feigenwinter and Dalibor Janous and G{\"u}nther Kerschbaumer and Anders Lindroth and Luigi Minach and Stefano Minerbi and Meelis M√∂lder and Marian Pavelka and G{\"u}nther Seufert and Marcelo Zeri and Waldemar Ziegler},
	title = {A new mass conservation approach to the study of {CO}2 advection in an alpine forest},
	journal = {Journal of Geophysical Research}
}
@article{DK-ZaH,
	doi = {10.1029/2011jg001901},
	url = {https://doi.org/10.1029%2F2011jg001901},
	year = 2012,
	month = {apr},
	publisher = {Wiley-Blackwell},
	volume = {117},
	number = {G2},
	pages = {n/a--n/a},
	author = {Magnus Lund and Julie M. Falk and Thomas Friborg and Herbert N. Mbufong and Charlotte Sigsgaard and Henrik Soegaard and Mikkel P. Tamstorf},
	title = {Trends in {CO}2 exchange in a high {A}rctic tundra heath, 2000-2010},
	journal = {Journal of Geophysical Research: Biogeosciences}
}
@article{US-Wkg,
	doi = {10.1029/2010jg001348},
	url = {https://doi.org/10.1029%2F2010jg001348},
	year = 2010,
	month = {sep},
	publisher = {Wiley-Blackwell},
	volume = {115},
	number = {G3},
	author = {Russell L. Scott and Erik P. Hamerlynck and G. Darrel Jenerette and M. Susan Moran and Greg A. Barron-Gafford},
	title = {Carbon dioxide exchange in a semidesert grassland through drought-induced vegetation change},
	journal = {Journal of Geophysical Research}
}
@article{AU-ASM,
	doi = {10.1002/jgrg.20101},
	url = {https://doi.org/10.1002%2Fjgrg.20101},
	year = 2013,
	month = {jul},
	publisher = {Wiley-Blackwell},
	volume = {118},
	number = {3},
	pages = {1168--1185},
	author = {James Cleverly and Nicolas Boulain and Randol Villalobos-Vega and Nicole Grant and Ralph Faux and Cameron Wood and Peter G. Cook and Qiang Yu and Andrea Leigh and Derek Eamus},
	title = {Dynamics of component carbon fluxes in a semi-arid {A}cacia woodland, central {A}ustralia},
	journal = {Journal of Geophysical Research: Biogeosciences}
}
@article{BR-Sa3,
	doi = {10.5194/bg-2-175-2005},
	url = {https://doi.org/10.5194%2Fbg-2-175-2005},
	year = 2005,
	month = {aug},
	publisher = {Copernicus {GmbH}},
	volume = {2},
	number = {2},
	pages = {175--187},
	author = {B. Wick and E. Veldkamp and W. Z. de Mello and M. Keller and P. Crill},
	title = {Nitrous oxide fluxes and nitrogen cycling along a pasture chronosequence in Central {A}mazonia, {B}razil},
	journal = {Biogeosciences}
}
@article{AU-Cpr,
	doi = {10.1002/hyp.10467},
	url = {https://doi.org/10.1002%2Fhyp.10467},
	year = 2015,
	month = {mar},
	publisher = {Wiley-Blackwell},
	volume = {29},
	number = {17},
	pages = {3714--3726},
	author = {W. S. Meyer and E. Kondrlov{\`{a}} and G. R. Koerber},
	title = {Evaporation of perennial semi-arid woodland in southeastern {A}ustralia is adapted for irregular but common dry periods},
	journal = {Hydrological Processes}
}
@article{CH-Cha,
	doi = {10.1111/gcb.12518},
	url = {https://doi.org/10.1111%2Fgcb.12518},
	year = 2014,
	month = {feb},
	publisher = {Wiley-Blackwell},
	volume = {20},
	number = {6},
	pages = {1913--1928},
	author = {Lutz Merbold and Werner Eugster and Jacqueline Stieger and Mark Zahniser and David Nelson and Nina Buchmann},
	title = {Greenhouse gas budget ({CO}2, {CH}4and {N2O}) of intensively managed grassland following restoration},
	journal = {Global Change Biology}
}
@article{US-Var,
	doi = {10.1016/j.agrformet.2007.07.008},
	url = {https://doi.org/10.1016%2Fj.agrformet.2007.07.008},
	year = 2007,
	month = {dec},
	publisher = {Elsevier {BV}},
	volume = {147},
	number = {3-4},
	pages = {157--171},
	author = {Siyan Ma and Dennis D. Baldocchi and Liukang Xu and Ted Hehn},
	title = {Inter-annual variability in carbon dioxide exchange of an oak/grass savanna and open grassland in {C}alifornia},
	journal = {Agricultural and Forest Meteorology}
}
@article{CH-Oe1,
	doi = {10.1016/j.agee.2009.05.006},
	url = {https://doi.org/10.1016%2Fj.agee.2009.05.006},
	year = 2009,
	month = {oct},
	publisher = {Elsevier {BV}},
	volume = {133},
	number = {3-4},
	pages = {150--162},
	author = {Christof Ammann and Christoph Spirig and Jens Leifeld and Albrecht Neftel},
	title = {Assessment of the nitrogen and carbon budget of two managed temperate grassland fields},
	journal = {Agriculture, Ecosystems {\&} Environment}
}
@article{CH-Oe2,
	doi = {10.1016/j.agee.2010.09.002},
	url = {https://doi.org/10.1016%2Fj.agee.2010.09.002},
	year = 2010,
	month = {nov},
	publisher = {Elsevier {BV}},
	volume = {139},
	number = {3},
	pages = {396--401},
	author = {Dominique Dietiker and Nina Buchmann and Werner Eugster},
	title = {Testing the ability of the {DNDC} model to predict {CO}2 and water vapour fluxes of a {S}wiss cropland site},
	journal = {Agriculture, Ecosystems {\&} Environment}
}
@article{US-Wi3,
	doi = {10.1007/s10021-007-9018-y},
	url = {https://doi.org/10.1007%2Fs10021-007-9018-y},
	year = 2007,
	month = {jun},
	publisher = {Springer Nature},
	volume = {10},
	number = {2},
	pages = {187--203},
	author = {Asko Noormets and Jiquan Chen and Thomas R. Crow},
	title = {Age-Dependent Changes in Ecosystem Carbon Fluxes in Managed Forests in Northern {W}isconsin, {USA}},
	journal = {Ecosystems}
}
@article{FI-Sod,
	doi = {10.3402/tellusb.v59i5.17066},
	url = {https://doi.org/10.3402%2Ftellusb.v59i5.17066},
	year = 2007,
	month = {nov},
	publisher = {Informa {UK} Limited},
	volume = {59},
	number = {5},
	author = {Tea Thum and Tuula Aalto and Tuomas Laurila and Mika Aurela and Pasi Kolari and Pertti Hari},
	title = {Parametrization of two photosynthesis models at the canopy scale in a northern boreal {S}cots pine forest},
	journal = {Tellus B}
}
@article{US-Prr,
	doi = {10.1016/j.polar.2013.03.003},
	url = {https://doi.org/10.1016%2Fj.polar.2013.03.003},
	year = 2013,
	month = {jun},
	publisher = {Elsevier {BV}},
	volume = {7},
	number = {2},
	pages = {136--148},
	author = {Taro Nakai and Yongwon Kim and Robert C. Busey and Rikie Suzuki and Shin Nagai and Hideki Kobayashi and Hotaek Park and Konosuke Sugiura and Akihiko Ito},
	title = {Characteristics of evapotranspiration from a permafrost black spruce forest in interior {A}laska},
	journal = {Polar Science}
}
@article{DK-Sor,
	doi = {10.1016/j.agrformet.2011.02.013},
	url = {https://doi.org/10.1016%2Fj.agrformet.2011.02.013},
	year = 2011,
	month = {jul},
	publisher = {Elsevier {BV}},
	volume = {151},
	number = {7},
	pages = {934--946},
	author = {Kim Pilegaard and Andreas Ibrom and Michael S. Courtney and Poul Hummelsh{\o}j and Niels Otto Jensen},
	title = {Increasing net {CO}2 uptake by a {D}anish beech forest during the period from 1996 to 2009},
	journal = {Agricultural and Forest Meteorology}
}
@article{CN-HaM,
	doi = {10.1111/j.1365-2486.2006.01153.x},
	url = {https://doi.org/10.1111%2Fj.1365-2486.2006.01153.x},
	year = 2006,
	month = {jul},
	publisher = {Wiley-Blackwell},
	volume = {12},
	number = {7},
	pages = {1285--1298},
	author = {Tomomichi Kato and Yanhong Tang and Song Gu and Mitsuru Hirota and Mingyuan Du and Yingnian Li and Xinquan Zhao},
	title = {Temperature and biomass influences on interannual changes in {CO}2 exchange in an alpine meadow on the {Q}inghai-{T}ibetan {P}lateau},
	journal = {Global Change Biology}
}
@article{FR-Pue,
	doi = {10.1111/j.1365-2486.2004.00819.x},
	url = {https://doi.org/10.1111%2Fj.1365-2486.2004.00819.x},
	year = 2004,
	month = {sep},
	publisher = {Wiley-Blackwell},
	volume = {10},
	number = {9},
	pages = {1460--1469},
	author = {S. Rambal and R. Joffre and J. M. Ourcival and J. Cavender-Bares and A. Rocheteau},
	title = {The growth respiration component in eddy {CO}2 flux from a {Q}uercus ilex mediterranean forest},
	journal = {Global Change Biology}
}
@article{BE-Vie,
	doi = {10.1016/s0168-1923(01)00244-1},
	url = {https://doi.org/10.1016%2Fs0168-1923%2801%2900244-1},
	year = 2001,
	month = {jul},
	publisher = {Elsevier {BV}},
	volume = {108},
	number = {4},
	pages = {293--315},
	author = {M Aubinet and B Chermanne and M Vandenhaute and B Longdoz and M Yernaux and E Laitat},
	title = {Long term carbon dioxide exchange above a mixed forest in the {B}elgian {A}rdennes},
	journal = {Agricultural and Forest Meteorology}
}
@article{DE-RuS,
	doi = {10.1016/j.agrformet.2012.09.006},
	url = {https://doi.org/10.1016%2Fj.agrformet.2012.09.006},
	year = 2013,
	month = {feb},
	publisher = {Elsevier {BV}},
	volume = {169},
	pages = {122--135},
	author = {Matthias Mauder and Matthias Cuntz and Clemens Dr{\"u}e and Alexander Graf and Corinna Rebmann and Hans Peter Schmid and Marius Schmidt and Rainer Steinbrecher},
	title = {A strategy for quality and uncertainty assessment of long-term eddy-covariance measurements},
	journal = {Agricultural and Forest Meteorology}
}
@article{DE-RuR,
	doi = {10.5194/bg-12-1205-2015},
	url = {https://doi.org/10.5194%2Fbg-12-1205-2015},
	year = 2015,
	month = {feb},
	publisher = {Copernicus {GmbH}},
	volume = {12},
	number = {4},
	pages = {1205--1221},
	author = {H. Post and H. J. Hendricks Franssen and A. Graf and M. Schmidt and H. Vereecken},
	title = {Uncertainty analysis of eddy covariance {CO}\textsubscript{2} flux measurements for different {EC} tower distances using an extended two-tower approach},
	journal = {Biogeosciences}
}
@article{ZA-Kru,
	doi = {10.5194/bg-6-251-2009},
	url = {https://doi.org/10.5194%2Fbg-6-251-2009},
	year = 2009,
	month = {feb},
	publisher = {Copernicus {GmbH}},
	volume = {6},
	number = {2},
	pages = {251--266},
	author = {S. A. Archibald and A. Kirton and M. R. van der Merwe and R. J. Scholes and C. A. Williams and N. Hanan},
	title = {Drivers of inter-annual variability in Net Ecosystem Exchange in a semi-arid savanna ecosystem, {S}outh {A}frica},
	journal = {Biogeosciences}
}
@article{IT-CA2,
	doi = {10.5194/bg-13-95-2016},
	url = {https://doi.org/10.5194%2Fbg-13-95-2016},
	year = 2016,
	month = {jan},
	publisher = {Copernicus {GmbH}},
	volume = {13},
	number = {1},
	pages = {95--113},
	author = {S. Sabbatini and N. Arriga and T. Bertolini and S. Castaldi and T. Chiti and C. Consalvo and S. Njakou Djomo and B. Gioli and G. Matteucci and D. Papale},
	title = {Greenhouse gas balance of cropland conversion to bioenergy poplar short-rotation coppice},
	journal = {Biogeosciences}
}
@article{AU-Dry,
	doi = {10.1016/j.agrformet.2011.01.006},
	url = {https://doi.org/10.1016%2Fj.agrformet.2011.01.006},
	year = 2011,
	month = {nov},
	publisher = {Elsevier {BV}},
	volume = {151},
	number = {11},
	pages = {1462--1470},
	author = {Lucas A. Cernusak and Lindsay B. Hutley and Jason Beringer and Joseph A.M. Holtum and Benjamin L. Turner},
	title = {Photosynthetic physiology of eucalypts along a sub-continental rainfall gradient in northern {A}ustralia},
	journal = {Agricultural and Forest Meteorology}
}
@article{DE-Seh,
	doi = {10.1016/j.agrformet.2012.05.012},
	url = {https://doi.org/10.1016%2Fj.agrformet.2012.05.012},
	year = 2012,
	month = {nov},
	publisher = {Elsevier {BV}},
	volume = {165},
	pages = {114--126},
	author = {M. Schmidt and T.G. Reichenau and P. Fiener and K. Schneider},
	title = {The carbon budget of a winter wheat field: An eddy covariance analysis of seasonal and inter-annual variability},
	journal = {Agricultural and Forest Meteorology}
}
@article{BE-Bra,
	doi = {10.1016/j.agrformet.2004.05.002},
	url = {https://doi.org/10.1016%2Fj.agrformet.2004.05.002},
	year = 2004,
	month = {nov},
	publisher = {Elsevier {BV}},
	volume = {126},
	number = {1-2},
	pages = {15--31},
	author = {Arnaud Carrara and Ivan A. Janssens and Jorge Curiel Yuste and Reinhart Ceulemans},
	title = {Seasonal changes in photosynthesis, respiration and {NEE} of a mixed temperate forest},
	journal = {Agricultural and Forest Meteorology}
}
@article{IT-PT1,
	doi = {10.3390/s90200922},
	url = {https://doi.org/10.3390%2Fs90200922},
	year = 2009,
	month = {feb},
	publisher = {{MDPI} {AG}},
	volume = {9},
	number = {2},
	pages = {922--942},
	author = {Mirco Migliavacca and Michele Meroni and Lorenzo Busetto and Roberto Colombo and Terenzio Zenone and Giorgio Matteucci and Giovanni Manca and Guenther Seufert},
	title = {Modeling Gross Primary Production of Agro-Forestry Ecosystems by Assimilation of Satellite-Derived Information in a Process-Based Model},
	journal = {Sensors}
}
@article{US-Cop,
	doi = {10.1029/2010jg001322},
	url = {https://doi.org/10.1029%2F2010jg001322},
	year = 2010,
	month = {nov},
	publisher = {Wiley-Blackwell},
	volume = {115},
	number = {G4},
	author = {D. R. Bowling and S. Bethers-Marchetti and C. K. Lunch and E. E. Grote and J. Belnap},
	title = {Carbon, water, and energy fluxes in a semiarid cold desert grassland during and following multiyear drought},
	journal = {Journal of Geophysical Research}
}
@article{CN-Du2,
	doi = {10.1016/j.agrformet.2009.06.009},
	url = {https://doi.org/10.1016%2Fj.agrformet.2009.06.009},
	year = 2009,
	month = {nov},
	publisher = {Elsevier {BV}},
	volume = {149},
	number = {11},
	pages = {1800--1809},
	author = {Shiping Chen and Jiquan Chen and Guanghui Lin and Wenli Zhang and Haixia Miao and Long Wei and Jianhui Huang and Xingguo Han},
	title = {Energy balance and partition in {I}nner {M}ongolia steppe ecosystems with different land use types},
	journal = {Agricultural and Forest Meteorology}
}
@article{IT-SRo,
	doi = {10.1016/j.agrformet.2005.09.011},
	url = {https://doi.org/10.1016%2Fj.agrformet.2005.09.011},
	year = 2005,
	month = {dec},
	publisher = {Elsevier {BV}},
	volume = {135},
	number = {1-4},
	pages = {22--34},
	author = {M. Chiesi and F. Maselli and M. Bindi and L. Fibbi and P. Cherubini and E. Arlotta and G. Tirone and G. Matteucci and G. Seufert},
	title = {Modelling carbon budget of {M}editerranean forests using ground and remote sensing measurements},
	journal = {Agricultural and Forest Meteorology}
}
@article{RU-Che,
	doi = {10.1111/j.1365-2486.2009.01962.x},
	url = {https://doi.org/10.1111%2Fj.1365-2486.2009.01962.x},
	year = 2009,
	month = {nov},
	publisher = {Wiley-Blackwell},
	volume = {15},
	number = {11},
	pages = {2599--2614},
	author = {L. Merbold and W. L. Kutsch and C. Corradi and O. Kolle and C. Rebmann and P. C. Stoy and S. A. Zimov and E.-D. Schulze},
	title = {Artificial drainage and associated carbon fluxes ({CO}2/{CH}4) in a tundra ecosystem},
	journal = {Global Change Biology}
}
@article{DE-Hai,
	doi = {10.1016/s0168-1923(03)00115-1},
	url = {https://doi.org/10.1016%2Fs0168-1923%2803%2900115-1},
	year = 2003,
	month = {sep},
	publisher = {Elsevier {BV}},
	volume = {118},
	number = {3-4},
	pages = {151--167},
	author = {Alexander Knohl and Ernst-Detlef Schulze and Olaf Kolle and Nina Buchmann},
	title = {Large carbon uptake by an unmanaged 250-year-old deciduous forest in Central {G}ermany},
	journal = {Agricultural and Forest Meteorology}
}
@article{AU-Stp,
	doi = {10.1016/j.agrformet.2011.05.003},
	url = {https://doi.org/10.1016%2Fj.agrformet.2011.05.003},
	year = 2011,
	month = {nov},
	publisher = {Elsevier {BV}},
	volume = {151},
	number = {11},
	pages = {1409--1416},
	author = {Jason Beringer and Lindsay B. Hutley and Jorg M. Hacker and Bruno Neininger and Kyaw Tha Paw U},
	title = {Patterns and processes of carbon, water and energy cycles across northern {A}ustralian landscapes: From point to region},
	journal = {Agricultural and Forest Meteorology}
}
