
@article{Beljaars_1991,
  title={Flux parameterization over land surfaces for atmospheric models},
  author={Beljaars, ACM and Holtslag, AAM},
  journal={Journal of Applied Meteorology},
  volume={30},
  number={3},
  pages={327--341},
  year={1991}
}

@article{Loveland_1999,
  title={An analysis of the IGBP global land-cover characterization process},
  author={Loveland, Thomas R and Zhu, Zhiliang and Ohlen, Donald O and Brown, Jessyln F and Reed, Bradley C and Yang, Limin},
  journal={Photogrammetric Engineering and Remote Sensing},
  volume={65},
  pages={1021--1032},
  year={1999},
  publisher={ASPRS AMERICAN SOCIETY FOR PHOTOGRAMMETRY AND}
}

@article{Paulson_1970,
  title={The mathematical representation of wind speed and temperature profiles in the unstable atmospheric surface layer},
  author={Paulson, Ca A},
  journal={Journal of Applied Meteorology},
  volume={9},
  number={6},
  pages={857--861},
  year={1970}
}

@article{Thom_1977,
  title={On Penman's equation for estimating regional evaporation},
  author={Thom, AS and Oliver, HR},
  journal={Quarterly Journal of the Royal Meteorological Society},
  volume={103},
  number={436},
  pages={345--357},
  year={1977},
  publisher={Wiley Online Library}
}

@article{Zipper_2017,
    author = "Zipper, Samuel C. and Schatz, Jason and Kucharik, Christopher J. and Loheide, Steven P.",
    doi = "10.1002/2016gl072190",
    url = "https://doi.org/10.1002%2F2016gl072190",
    year = "2017",
    month = "jan",
    publisher = "Wiley-Blackwell",
    volume = "44",
    number = "2",
    pages = "873--881",
    title = "Urban heat island-induced increases in evapotranspirative demand",
    journal = "Geophysical Research Letters"
}

@article{Campbell_2017,
    author = "Campbell, J. E. and Berry, J. A. and Seibt, U. and Smith, S. J. and Montzka, S. A. and Launois, T. and Belviso, S. and Bopp, L. and Laine, M.",
    doi = "10.1038/nature22030",
    url = "https://doi.org/10.1038%2Fnature22030",
    year = "2017",
    month = "apr",
    publisher = "Springer Nature",
    volume = "544",
    number = "7648",
    pages = "84--87",
    title = "Large historical growth in global terrestrial gross primary production",
    journal = "Nature"
}

@article{Franks_2017,
    author = "Franks, Peter J. and Berry, Joseph A. and Lombardozzi, Danica L. and Bonan, Gordon B.",
    doi = "10.1104/pp.17.00287",
    url = "https://doi.org/10.1104%2Fpp.17.00287",
    year = "2017",
    month = "apr",
    publisher = "American Society of Plant Biologists ({ASPB})",
    volume = "174",
    number = "2",
    pages = "583--602",
    title = "Stomatal Function across Temporal and Spatial Scales: Deep-Time Trends, Land-Atmosphere Coupling and Global Models",
    journal = "Plant Physiology"
}

@article{Berg_2017,
    author = "Berg, Alexis and Sheffield, Justin and Milly, P. C. D.",
    doi = "10.1002/2016gl071921",
    url = "https://doi.org/10.1002%2F2016gl071921",
    year = "2017",
    month = "jan",
    publisher = "Wiley-Blackwell",
    volume = "44",
    number = "1",
    pages = "236--244",
    title = "Divergent surface and total soil moisture projections under global warming",
    journal = "Geophysical Research Letters"
}

@article{Berg_2016,
    author = "Berg, Alexis and Findell, Kirsten and Lintner, Benjamin and Giannini, Alessandra and Seneviratne, Sonia I. and van den Hurk, Bart and Lorenz, Ruth and Pitman, Andy and Hagemann, Stefan and Meier, Arndt and Cheruy, Fr{\'{e}}d{\'{e}}rique and Ducharne, Agn{\`{e}}s and Malyshev, Sergey and Milly, P. C. D.",
    doi = "10.1038/nclimate3029",
    url = "https://doi.org/10.1038%2Fnclimate3029",
    year = "2016",
    month = "may",
    publisher = "Springer Nature",
    volume = "6",
    number = "9",
    pages = "869--874",
    title = "Land{\textendash}atmosphere feedbacks amplify aridity increase over land under global warming",
    journal = "Nature Climate Change"
}

@article{Zhou_2016,
    author = "Zhou, Sha and Yu, Bofu and Zhang, Yao and Huang, Yuefei and Wang, Guangqian",
    doi = "10.1002/2015wr017766",
    url = "https://doi.org/10.1002%2F2015wr017766",
    year = "2016",
    month = "feb",
    publisher = "Wiley-Blackwell",
    volume = "52",
    number = "2",
    pages = "1160--1175",
    title = "Partitioning evapotranspiration based on the concept of underlying water use efficiency",
    journal = "Water Resources Research"
}

@article{Lin_2015,
    author = "Lin, Yan-Shih and Medlyn, Belinda E. and Duursma, Remko A. and Prentice, I. Colin and Wang, Han and Baig, Sofia and Eamus, Derek and de Dios, Victor Resco and Mitchell, Patrick and Ellsworth, David S. and de Beeck, Maarten Op and Wallin, Göran and Uddling, Johan and Tarvainen, Lasse and Linderson, Maj-Lena and Cernusak, Lucas A. and Nippert, Jesse B. and Ocheltree, Troy W. and Tissue, David T. and Martin-StPaul, Nicolas K. and Rogers, Alistair and Warren, Jeff M. and Angelis, Paolo De and Hikosaka, Kouki and Han, Qingmin and Onoda, Yusuke and Gimeno, Teresa E. and Barton, Craig V. M. and Bennie, Jonathan and Bonal, Damien and Bosc, Alexandre and Löw, Markus and Macinins-Ng, Cate and Rey, Ana and Rowland, Lucy and Setterfield, Samantha A. and Tausz-Posch, Sabine and Zaragoza-Castells, Joana and Broadmeadow, Mark S. J. and Drake, John E. and Freeman, Michael and Ghannoum, Oula and Hutley, Lindsay B. and Kelly, Jeff W. and Kikuzawa, Kihachiro and Kolari, Pasi and Koyama, Kohei and Limousin, Jean-Marc and Meir, Patrick and da Costa, Antonio C. Lola and Mikkelsen, Teis N. and Salinas, Norma and Sun, Wei and Wingate, Lisa",
    doi = "10.1038/nclimate2550",
    url = "https://doi.org/10.1038%2Fnclimate2550",
    year = "2015",
    month = "mar",
    publisher = "Springer Nature",
    volume = "5",
    number = "5",
    pages = "459--464",
    title = "Optimal stomatal behaviour around the world",
    journal = "Nature Climate Change"
}

@article{Zhou_2015,
    author = "Zhou, Sha and Yu, Bofu and Huang, Yuefei and Wang, Guangqian",
    doi = "10.1002/2015jg002947",
    url = "https://doi.org/10.1002%2F2015jg002947",
    year = "2015",
    month = "may",
    publisher = "Wiley-Blackwell",
    volume = "120",
    number = "5",
    pages = "887--902",
    title = "Daily underlying water use efficiency for {AmeriFlux} sites",
    journal = "Journal of Geophysical Research: Biogeosciences"
}

@article{Lobell_2014,
    author = "Lobell, D. B. and Roberts, M. J. and Schlenker, W. and Braun, N. and Little, B. B. and Rejesus, R. M. and Hammer, G. L.",
    doi = "10.1126/science.1251423",
    url = "https://doi.org/10.1126%2Fscience.1251423",
    year = "2014",
    month = "may",
    publisher = "American Association for the Advancement of Science ({AAAS})",
    volume = "344",
    number = "6183",
    pages = "516--519",
    title = "Greater Sensitivity to Drought Accompanies Maize Yield Increase in the U.S. Midwest",
    journal = "Science"
}

@article{Lobell_2013,
    author = "Lobell, David B. and Hammer, Graeme L. and McLean, Greg and Messina, Carlos and Roberts, Michael J. and Schlenker, Wolfram",
    doi = "10.1038/nclimate1832",
    url = "https://doi.org/10.1038%2Fnclimate1832",
    year = "2013",
    month = "mar",
    publisher = "Springer Nature",
    volume = "3",
    number = "5",
    pages = "497--501",
    title = "The critical role of extreme heat for maize production in the United States",
    journal = "Nature Climate Change"
}

@article{MEDLYN_2011,
    author = "MEDLYN, BELINDA E. and DUURSMA, REMKO A. and EAMUS, DEREK and ELLSWORTH, DAVID S. and PRENTICE, I. COLIN and BARTON, CRAIG V. M. and CROUS, KRISTINE Y. and ANGELIS, PAOLO DE and FREEMAN, MICHAEL and WINGATE, LISA",
    doi = "10.1111/j.1365-2486.2010.02375.x",
    url = "https://doi.org/10.1111%2Fj.1365-2486.2010.02375.x",
    year = "2011",
    month = "jan",
    publisher = "Wiley-Blackwell",
    volume = "17",
    number = "6",
    pages = "2134--2144",
    title = "Reconciling the optimal and empirical approaches to modelling stomatal conductance",
    journal = "Global Change Biology"
}

@article{Manzoni_2011,
    author = "Manzoni, Stefano and Vico, Giulia and Katul, Gabriel and Fay, Philip A. and Polley, Wayne and Palmroth, Sari and Porporato, Amilcare",
    doi = "10.1111/j.1365-2435.2010.01822.x",
    url = "https://doi.org/10.1111%2Fj.1365-2435.2010.01822.x",
    year = "2011",
    month = "jan",
    publisher = "Wiley-Blackwell",
    volume = "25",
    number = "3",
    pages = "456--467",
    title = "Optimizing stomatal conductance for maximum carbon gain under water stress: a meta-analysis across plant functional types and climates",
    journal = "Functional Ecology"
}

@article{Brando_2010,
    author = "Brando, P. M. and Goetz, S. J. and Baccini, A. and Nepstad, D. C. and Beck, P. S. A. and Christman, M. C.",
    doi = "10.1073/pnas.0908741107",
    url = "https://doi.org/10.1073%2Fpnas.0908741107",
    year = "2010",
    month = "aug",
    publisher = "Proceedings of the National Academy of Sciences",
    volume = "107",
    number = "33",
    pages = "14685--14690",
    title = "Seasonal and interannual variability of climate and vegetation indices across the Amazon",
    journal = "Proceedings of the National Academy of Sciences"
}

@article{van_Heerwaarden_2010,
    author = "van Heerwaarden, Chiel C. and de Arellano, Jordi Vil{\`{a}}-Guerau and Teuling, Adriaan J.",
    doi = "10.1029/2010gl045374",
    url = "https://doi.org/10.1029%2F2010gl045374",
    year = "2010",
    month = "nov",
    publisher = "Wiley-Blackwell",
    volume = "37",
    number = "21",
    pages = "n/a--n/a",
    title = "Land-atmosphere coupling explains the link between pan evaporation and actual evapotranspiration trends in a changing climate",
    journal = "Geophysical Research Letters"
}

@article{Pieruschka_2010,
    author = "Pieruschka, R. and Huber, G. and Berry, J. A.",
    doi = "10.1073/pnas.0913177107",
    url = "https://doi.org/10.1073%2Fpnas.0913177107",
    year = "2010",
    month = "jul",
    publisher = "Proceedings of the National Academy of Sciences",
    volume = "107",
    number = "30",
    pages = "13372--13377",
    title = "Control of transpiration by radiation",
    journal = "Proceedings of the National Academy of Sciences",
    file = ":/home/adam/.xapers/docs/0000000118/Pieruschka2010PNatlAcadSciUsa.pdf:pdf"
}

@article{2002,
    doi = "10.1175/1520-0477(2002)083<1149:arotdi>2.3.co;2",
    url = "https://doi.org/10.1175%2F1520-0477%282002%29083%3C1149%3Aarotdi%3E2.3.co%3B2",
    year = "2002",
    month = "aug",
    publisher = "American Meteorological Society",
    volume = "83",
    number = "8",
    pages = "1149--1165",
    title = "A Review of Twentieth-Century Drought Indices Used in the United States",
    journal = "Bulletin of the American Meteorological Society"
}

@article{Betts_1994,
    author = "Betts, Alan K.",
    doi = "10.1007/bf00713740",
    url = "https://doi.org/10.1007%2Fbf00713740",
    year = "1994",
    month = "nov",
    publisher = "Springer Nature",
    volume = "71",
    number = "3",
    pages = "235--245",
    title = "Relation between equilbrium evaporation and the saturation pressure budget",
    journal = "Boundary-Layer Meteorology",
    file = ":/home/adam/.xapers/docs/0000000066/Betts1994Bound-LayMeteorol.pdf:pdf"
}

@article{Rodriguez_Iturbe_1991,
    author = "Rodriguez-Iturbe, Ignacio and Entekhabi, Dara and Bras, Rafael L.",
    doi = "10.1029/91wr01035",
    url = "https://doi.org/10.1029%2F91wr01035",
    year = "1991",
    month = "aug",
    publisher = "Wiley-Blackwell",
    volume = "27",
    number = "8",
    pages = "1899--1906",
    title = "Nonlinear Dynamics of Soil Moisture at Climate Scales: 1. Stochastic Analysis",
    journal = "Water Resources Research"
}

@article{Leuning_1990,
    author = "Leuning, R",
    doi = "10.1071/pp9900159",
    url = "https://doi.org/10.1071%2Fpp9900159",
    year = "1990",
    publisher = "{CSIRO} Publishing",
    volume = "17",
    number = "2",
    pages = "159",
    title = "Modelling Stomatal Behaviour and and Photosynthesis {ofEucalyptus} grandis",
    journal = "Australian Journal of Plant Physiology"
}

@incollection{Ball_1987,
    author = "Ball, J. Timothy and Woodrow, Ian E. and Berry, Joseph A.",
    doi = "10.1007/978-94-017-0519-6_48",
    url = "https://doi.org/10.1007%2F978-94-017-0519-648",
    year = "1987",
    publisher = "Springer Netherlands",
    pages = "221--224",
    title = "A Model Predicting Stomatal Conductance and its Contribution to the Control of Photosynthesis under Different Environmental Conditions",
    booktitle = "Progress in Photosynthesis Research"
}

@article{Alley_1984,
    author = "Alley, William M.",
    doi = "10.1175/1520-0450(1984)023<1100:tpdsil>2.0.co;2",
    url = "https://doi.org/10.1175%2F1520-0450%281984%29023%3C1100%3Atpdsil%3E2.0.co%3B2",
    year = "1984",
    month = "jul",
    publisher = "American Meteorological Society",
    volume = "23",
    number = "7",
    pages = "1100--1109",
    title = "The Palmer Drought Severity Index: Limitations and Assumptions",
    journal = "Journal of Climate and Applied Meteorology"
}

